%% This BibTeX bibliography file was created using BibDesk.
%% https://bibdesk.sourceforge.io/

%% Created for wakala at 2024-08-27 19:42:43 +0800 


%% Saved with string encoding Unicode (UTF-8) 


@article{abadi2023optimized,
  author    = {Abadi, Saeedeh Akbari Rokn and Laghaee, Seyed Pouria and Koohi, Somayyeh},
  journal   = {BMC genomics},
  number    = {1},
  pages     = {227},
  publisher = {Springer},
  title     = {An optimized graph-based structure for single-cell RNA-seq cell-type classification based on non-linear dimension reduction},
  volume    = {24},
  year      = {2023}
}


@article{adamson2016multiplexed,
  author    = {Adamson, Britt and Norman, Thomas M and Jost, Marco and Cho, Min Y and Nu{\~n}ez, James K and Chen, Yuwen and Villalta, Jacqueline E and Gilbert, Luke A and Horlbeck, Max A and Hein, Marco Y and others},
  journal   = {Cell},
  number    = {7},
  pages     = {1867--1882},
  publisher = {Elsevier},
  title     = {A multiplexed single-cell CRISPR screening platform enables systematic dissection of the unfolded protein response},
  volume    = {167},
  year      = {2016}
}


@article{adil2021single,
  author    = {Adil, Asif and Kumar, Vijay and Jan, Arif Tasleem and Asger, Mohammed},
  journal   = {Frontiers in Neuroscience},
  pages     = {591122},
  publisher = {Frontiers Media SA},
  title     = {Single-cell transcriptomics: current methods and challenges in data acquisition and analysis},
  volume    = {15},
  year      = {2021}
}


@article{ahmad2024deep,
  author  = {Ahmad, Wasim and Shadaydeh, Maha and Denzler, Joachim},
  journal = {arXiv preprint arXiv:2401.08386},
  title   = {Deep Learning-based Group Causal Inference in Multivariate Time-series},
  year    = {2024}
}


@article{ahmedt2021graph,
  author    = {Ahmedt-Aristizabal, David and Armin, Mohammad Ali and Denman, Simon and Fookes, Clinton and Petersson, Lars},
  journal   = {Sensors},
  number    = {14},
  pages     = {4758},
  publisher = {MDPI},
  title     = {Graph-based deep learning for medical diagnosis and analysis: past, present and future},
  volume    = {21},
  year      = {2021}
}


@article{aibar2017scenic,
  author    = {Aibar, Sara and Gonz{\'a}lez-Blas, Carmen Bravo and Moerman, Thomas and Huynh-Thu, V{\^a}n Anh and Imrichova, Hana and Hulselmans, Gert and Rambow, Florian and Marine, Jean-Christophe and Geurts, Pierre and Aerts, Jan and others},
  journal   = {Nature methods},
  number    = {11},
  pages     = {1083--1086},
  publisher = {Nature Publishing Group},
  title     = {SCENIC: single-cell regulatory network inference and clustering},
  volume    = {14},
  year      = {2017}
}


@article{almeida2021employing,
  author  = {Almeida, Nathalia and Chung, Matthew WH and Drudi, Elena M and Engquist, Elise N and Hamrud, Eva and Isaacson, Abigail and Tsang, Victoria SK and Watt, Fiona M and Spagnoli, Francesca M},
  journal = {The EMBO journal},
  number  = {10},
  pages   = {e106785},
  title   = {Employing core regulatory circuits to define cell identity},
  volume  = {40},
  year    = {2021}
}


@article{alvarez2007gene,
  author    = {Alvarez-Buylla, Elena R and Ben{\'\i}tez, Mariana and D{\'a}vila, Enrique Balleza and Chaos, Alvaro and Espinosa-Soto, Carlos and Padilla-Longoria, Pablo},
  journal   = {Current Opinion in Plant Biology},
  number    = {1},
  pages     = {83--91},
  publisher = {Elsevier},
  title     = {Gene regulatory network models for plant development},
  volume    = {10},
  year      = {2007}
}


@article{angleraux2024single,
  author  = {Angleraux, Caroline},
  journal = {Organisms. Journal of Biological Sciences},
  number  = {1},
  pages   = {5--12},
  title   = {Single Cell Sequencing Techniques and Biological Explanation},
  volume  = {7},
  year    = {2024}
}


@article{angrist1996identification,
  author    = {Angrist, Joshua D and Imbens, Guido W and Rubin, Donald B},
  journal   = {Journal of the American statistical Association},
  number    = {434},
  pages     = {444--455},
  publisher = {Taylor \& Francis},
  title     = {Identification of causal effects using instrumental variables},
  volume    = {91},
  year      = {1996}
}


@article{annadani2021variational,
  author  = {Annadani, Yashas and Rothfuss, Jonas and Lacoste, Alexandre and Scherrer, Nino and Goyal, Anirudh and Bengio, Yoshua and Bauer, Stefan},
  journal = {arXiv preprint arXiv:2106.07635},
  title   = {Variational causal networks: Approximate bayesian inference over causal structures},
  year    = {2021}
}


@article{athey2006identification,
  author    = {Athey, Susan and Imbens, Guido W},
  journal   = {Econometrica},
  number    = {2},
  pages     = {431--497},
  publisher = {Wiley Online Library},
  title     = {Identification and inference in nonlinear difference-in-differences models},
  volume    = {74},
  year      = {2006}
}


@article{aubin2020gene,
  author    = {Aubin-Frankowski, Pierre-Cyril and Vert, Jean-Philippe},
  journal   = {Bioinformatics},
  number    = {18},
  pages     = {4774--4780},
  publisher = {Oxford University Press},
  title     = {Gene regulation inference from single-cell RNA-seq data with linear differential equations and velocity inference},
  volume    = {36},
  year      = {2020}
}

@article{badia2023gene,
  author    = {Badia-i-Mompel, Pau and Wessels, Lorna and M{\"u}ller-Dott, Sophia and Trimbour, R{\'e}mi and Ramirez Flores, Ricardo O and Argelaguet, Ricard and Saez-Rodriguez, Julio},
  journal   = {Nature Reviews Genetics},
  number    = {11},
  pages     = {739--754},
  publisher = {Nature Publishing Group UK London},
  title     = {Gene regulatory network inference in the era of single-cell multi-omics},
  volume    = {24},
  year      = {2023}
}

@article{badsha2019learning,
  author    = {Badsha, Md Bahadur and Fu, Audrey Qiuyan},
  journal   = {Frontiers in genetics},
  pages     = {460},
  publisher = {Frontiers Media SA},
  title     = {Learning causal biological networks with the principle of Mendelian randomization},
  volume    = {10},
  year      = {2019}
}

@article{balazsi2008temporal,
  author    = {Bal{\'a}zsi, G{\'a}bor and Heath, Allison P and Shi, Lanbo and Gennaro, Maria L},
  journal   = {Molecular systems biology},
  number    = {1},
  pages     = {225},
  publisher = {John Wiley \& Sons, Ltd Chichester, UK},
  title     = {The temporal response of the Mycobacterium tuberculosis gene regulatory network during growth arrest},
  volume    = {4},
  year      = {2008}
}

@article{barabasi2004network,
  author    = {Barabasi, Albert-Laszlo and Oltvai, Zoltan N},
  journal   = {Nature reviews genetics},
  number    = {2},
  pages     = {101--113},
  publisher = {Nature Publishing Group UK London},
  title     = {Network biology: understanding the cell's functional organization},
  volume    = {5},
  year      = {2004}
}

@techreport{bareinboim20201on,
  author      = {Bareinboim, Elias and Correa, Juan D and Ibeling, Duligur and Icard, Thomas},
  institution = {Technical report, Technical Report},
  title       = {1on pearl’s hierarchy and},
  year        = {2020}
}

@inproceedings{beckers2022causal,
  author       = {Beckers, Sander},
  booktitle    = {Conference on causal learning and reasoning},
  organization = {PMLR},
  pages        = {90--109},
  title        = {Causal explanations and XAI},
  year         = {2022}
}

@misc{behnam2024graphneuralnetworkcausal,
  archiveprefix = {arXiv},
  author        = {Arman Behnam and Binghui Wang},
  eprint        = {2407.09378},
  primaryclass  = {cs.LG},
  title         = {Graph Neural Network Causal Explanation via Neural Causal Models},
  url           = {https://arxiv.org/abs/2407.09378},
  year          = {2024}
}

@article{bell2020future,
  author    = {Bell, Scott C and Mall, Marcus A and Gutierrez, Hector and Macek, Milan and Madge, Susan and Davies, Jane C and Burgel, Pierre-R{\'e}gis and Tullis, Elizabeth and Casta{\~n}os, Claudio and Castellani, Carlo and others},
  journal   = {The Lancet Respiratory Medicine},
  number    = {1},
  pages     = {65--124},
  publisher = {Elsevier},
  title     = {The future of cystic fibrosis care: a global perspective},
  volume    = {8},
  year      = {2020}
}

@article{bhadani2023attention,
  author    = {Bhadani, Rahul and Chen, Zhuo and An, Lingling},
  journal   = {Genes},
  number    = {2},
  pages     = {506},
  publisher = {MDPI},
  title     = {Attention-based graph neural network for label propagation in single-cell omics},
  volume    = {14},
  year      = {2023}
}

@article{bhatti2023deep,
  author    = {Bhatti, Uzair Aslam and Tang, Hao and Wu, Guilu and Marjan, Shah and Hussain, Aamir},
  journal   = {International Journal of Intelligent Systems},
  number    = {1},
  pages     = {8342104},
  publisher = {Wiley Online Library},
  title     = {Deep learning with graph convolutional networks: An overview and latest applications in computational intelligence},
  volume    = {2023},
  year      = {2023}
}

@article{blei2017variational,
  author    = {Blei, David M and Kucukelbir, Alp and McAuliffe, Jon D},
  journal   = {Journal of the American statistical Association},
  number    = {518},
  pages     = {859--877},
  publisher = {Taylor \& Francis},
  title     = {Variational inference: A review for statisticians},
  volume    = {112},
  year      = {2017}
}

@book{bowden1990instrumental,
  author    = {Bowden, Roger John and Bowden, Roger J and Turkington, Darrell A},
  number    = {8},
  publisher = {Cambridge university press},
  title     = {Instrumental variables},
  year      = {1990}
}

@book{bowen2011structural,
  author    = {Bowen, Natasha K and Guo, Shenyang},
  publisher = {Oxford University Press},
  title     = {Structural equation modeling},
  year      = {2011}
}

@article{braunschweig2013dynamic,
  author    = {Braunschweig, Ulrich and Gueroussov, Serge and Plocik, Alex M and Graveley, Brenton R and Blencowe, Benjamin J},
  journal   = {Cell},
  number    = {6},
  pages     = {1252--1269},
  publisher = {Elsevier},
  title     = {Dynamic integration of splicing within gene regulatory pathways},
  volume    = {152},
  year      = {2013}
}

@article{bravo2023scenic,
  author    = {Bravo Gonz{\'a}lez-Blas, Carmen and De Winter, Seppe and Hulselmans, Gert and Hecker, Nikolai and Matetovici, Irina and Christiaens, Valerie and Poovathingal, Suresh and Wouters, Jasper and Aibar, Sara and Aerts, Stein},
  journal   = {Nature methods},
  number    = {9},
  pages     = {1355--1367},
  publisher = {Nature Publishing Group US New York},
  title     = {SCENIC+: single-cell multiomic inference of enhancers and gene regulatory networks},
  volume    = {20},
  year      = {2023}
}

@misc{bronstein2021geometricdeeplearninggrids,
  archiveprefix = {arXiv},
  author        = {Michael M. Bronstein and Joan Bruna and Taco Cohen and Petar Veličković},
  eprint        = {2104.13478},
  primaryclass  = {cs.LG},
  title         = {Geometric Deep Learning: Grids, Groups, Graphs, Geodesics, and Gauges},
  url           = {https://arxiv.org/abs/2104.13478},
  year          = {2021}
}

@article{bruex2012gene,
  author    = {Bruex, Angela and Kainkaryam, Raghunandan M and Wieckowski, Yana and Kang, Yeon Hee and Bernhardt, Christine and Xia, Yang and Zheng, Xiaohua and Wang, Jean Y and Lee, Myeong Min and Benfey, Philip and others},
  journal   = {PLoS genetics},
  number    = {1},
  pages     = {e1002446},
  publisher = {Public Library of Science San Francisco, USA},
  title     = {A gene regulatory network for root epidermis cell differentiation in Arabidopsis},
  volume    = {8},
  year      = {2012}
}

@article{bucur2019large,
  author    = {Bucur, Ioan Gabriel and Claassen, Tom and Heskes, Tom},
  journal   = {International Journal of Approximate Reasoning},
  pages     = {50--68},
  publisher = {Elsevier},
  title     = {Large-scale local causal inference of gene regulatory relationships},
  volume    = {115},
  year      = {2019}
}


@article{buterez2022cellvgae,
  author    = {Buterez, David and Bica, Ioana and Tariq, Ifrah and Andr{\'e}s-Terr{\'e}, Helena and Li{\`o}, Pietro},
  journal   = {Bioinformatics},
  number    = {5},
  pages     = {1277--1286},
  publisher = {Oxford University Press},
  title     = {CellVGAE: an unsupervised scRNA-seq analysis workflow with graph attention networks},
  volume    = {38},
  year      = {2022}
}


@article{butler2018integrating,
  author    = {Butler, Andrew and Hoffman, Paul and Smibert, Peter and Papalexi, Efthymia and Satija, Rahul},
  journal   = {Nature biotechnology},
  number    = {5},
  pages     = {411--420},
  publisher = {Nature Publishing Group US New York},
  title     = {Integrating single-cell transcriptomic data across different conditions, technologies, and species},
  volume    = {36},
  year      = {2018}
}


@article{callaway2021difference,
  author    = {Callaway, Brantly and Sant’Anna, Pedro HC},
  journal   = {Journal of econometrics},
  number    = {2},
  pages     = {200--230},
  publisher = {Elsevier},
  title     = {Difference-in-differences with multiple time periods},
  volume    = {225},
  year      = {2021}
}


@article{camps2023discovering,
  author    = {Camps-Valls, Gustau and Gerhardus, Andreas and Ninad, Urmi and Varando, Gherardo and Martius, Georg and Balaguer-Ballester, Emili and Vinuesa, Ricardo and Diaz, Emiliano and Zanna, Laure and Runge, Jakob},
  journal   = {Physics Reports},
  pages     = {1--68},
  publisher = {Elsevier},
  title     = {Discovering causal relations and equations from data},
  volume    = {1044},
  year      = {2023}
}


@article{cao2022multi,
  author    = {Cao, Zhi-Jie and Gao, Ge},
  journal   = {Nature Biotechnology},
  number    = {10},
  pages     = {1458--1466},
  publisher = {Nature Publishing Group US New York},
  title     = {Multi-omics single-cell data integration and regulatory inference with graph-linked embedding},
  volume    = {40},
  year      = {2022}
}


@article{carbo2020machine,
  author    = {Carbo-Valverde, Santiago and Cuadros-Solas, Pedro and Rodr{\'\i}guez-Fern{\'a}ndez, Francisco},
  journal   = {Plos one},
  number    = {10},
  pages     = {e0240362},
  publisher = {Public Library of Science San Francisco, CA USA},
  title     = {A machine learning approach to the digitalization of bank customers: Evidence from random and causal forests},
  volume    = {15},
  year      = {2020}
}


@article{cattaneo2022regression,
  author    = {Cattaneo, Matias D and Titiunik, Rocio},
  journal   = {Annual Review of Economics},
  number    = {1},
  pages     = {821--851},
  publisher = {Annual Reviews},
  title     = {Regression discontinuity designs},
  volume    = {14},
  year      = {2022}
}


@article{chagoyen2019applications,
  author    = {Chagoyen, Monica and Ranea, Juan AG and Pazos, Florencio},
  journal   = {Biology Methods and Protocols},
  number    = {1},
  pages     = {bpz012},
  publisher = {Oxford University Press},
  title     = {Applications of molecular networks in biomedicine},
  volume    = {4},
  year      = {2019}
}


@article{chai2020diagnosis,
  author    = {Chai, Xuqing},
  journal   = {IEEE Access},
  pages     = {149787--149795},
  publisher = {IEEE},
  title     = {Diagnosis method of thyroid disease combining knowledge graph and deep learning},
  volume    = {8},
  year      = {2020}
}


@article{chen2020can,
  author  = {Chen, Zhengdao and Chen, Lei and Villar, Soledad and Bruna, Joan},
  journal = {Advances in neural information processing systems},
  pages   = {10383--10395},
  title   = {Can graph neural networks count substructures?},
  volume  = {33},
  year    = {2020}
}


@article{chen2022graph,
  author    = {Chen, Guangyi and Liu, Zhi-Ping},
  journal   = {Bioinformatics},
  number    = {19},
  pages     = {4522--4529},
  publisher = {Oxford University Press},
  title     = {Graph attention network for link prediction of gene regulations from single-cell RNA-sequencing data},
  volume    = {38},
  year      = {2022}
}


@article{cheng2022scgac,
  author    = {Cheng, Yi and Ma, Xiuli},
  journal   = {Bioinformatics},
  number    = {8},
  pages     = {2187--2193},
  publisher = {Oxford University Press},
  title     = {scGAC: a graph attentional architecture for clustering single-cell RNA-seq data},
  volume    = {38},
  year      = {2022}
}


@article{chickering2002optimal,
  author  = {Chickering, David Maxwell},
  journal = {Journal of machine learning research},
  number  = {Nov},
  pages   = {507--554},
  title   = {Optimal structure identification with greedy search},
  volume  = {3},
  year    = {2002}
}


@article{chin2020demystifying,
  author    = {Chin, Wynne and Cheah, Jun-Hwa and Liu, Yide and Ting, Hiram and Lim, Xin-Jean and Cham, Tat Huei},
  journal   = {Industrial Management \& Data Systems},
  number    = {12},
  pages     = {2161--2209},
  publisher = {Emerald Publishing Limited},
  title     = {Demystifying the role of causal-predictive modeling using partial least squares structural equation modeling in information systems research},
  volume    = {120},
  year      = {2020}
}


@inproceedings{claassen2022greedy,
  author       = {Claassen, Tom and Bucur, Ioan G},
  booktitle    = {Uncertainty in Artificial Intelligence},
  organization = {Pmlr},
  pages        = {443--452},
  title        = {Greedy equivalence search in the presence of latent confounders},
  year         = {2022}
}


@article{cutello2024inferring,
  author    = {Cutello, Vincenzo and Pavone, Mario and Zito, Francesco},
  journal   = {From Computational Logic to Computational Biology: Essays Dedicated to Alfredo Ferro to Celebrate His Scientific Career},
  pages     = {172--185},
  publisher = {Springer},
  title     = {Inferring a Gene Regulatory Network from Gene Expression Data. An Overview of Best Methods and a Reverse Engineering Approach},
  year      = {2024}
}


@article{cybenko1989approximation,
  author    = {Cybenko, George},
  journal   = {Mathematics of control, signals and systems},
  number    = {4},
  pages     = {303--314},
  publisher = {Springer},
  title     = {Approximation by superpositions of a sigmoidal function},
  volume    = {2},
  year      = {1989}
}


@inproceedings{daoudi2019deep,
  author       = {Daoudi, Meroua and Meshoul, Souham},
  booktitle    = {Modelling and Implementation of Complex Systems: Proceedings of the 5th International Symposium, MISC 2018, December 16-18, 2018, Laghouat, Algeria 5},
  organization = {Springer},
  pages        = {149--157},
  title        = {Deep neural network for supervised inference of gene regulatory network},
  year         = {2019}
}


@article{de2020natural,
  author  = {de Haan, Pim and Cohen, Taco S and Welling, Max},
  journal = {Advances in neural information processing systems},
  pages   = {3636--3646},
  title   = {Natural graph networks},
  volume  = {33},
  year    = {2020}
}


@article{delgado2019computational,
  author    = {Delgado, Fernando M and G{\'o}mez-Vela, Francisco},
  journal   = {Artificial intelligence in medicine},
  pages     = {133--145},
  publisher = {Elsevier},
  title     = {Computational methods for gene regulatory networks reconstruction and analysis: a review},
  volume    = {95},
  year      = {2019}
}


@misc{deng2024deepcausallearningrepresentation,
  archiveprefix = {arXiv},
  author        = {Zizhen Deng and Xiaolong Zheng and Hu Tian and Daniel Dajun Zeng},
  bdsk-file-1   = {YnBsaXN0MDDSAQIDBFxyZWxhdGl2ZVBhdGhYYm9va21hcmtfEEFEZWVwIENhdXNhbCBMZWFybmluZy0gUmVwcmVzZW50YXRpb24sIERpc2NvdmVyeSBhbmQgSW5mZXJlbmNlLnBkZk8RBCRib29rJAQAAAAABBAwAAAAAAAAAAAAAAAAAAAAAAAAAAAAAAAAAAAAAAAAAAAAAAAgAwAABQAAAAEBAABVc2VycwAAAAYAAAABAQAAd2FrYWxhAAAHAAAAAQEAAERlc2t0b3AABgAAAAEBAABDYXVzYWwAAEEAAAABAQAARGVlcCBDYXVzYWwgTGVhcm5pbmctIFJlcHJlc2VudGF0aW9uLCBEaXNjb3ZlcnkgYW5kIEluZmVyZW5jZS5wZGYAAAAUAAAAAQYAAAQAAAAUAAAAJAAAADQAAABEAAAACAAAAAQDAADrXAAAAAAAAAgAAAAEAwAAdYgVAAAAAAAIAAAABAMAAHqIFQAAAAAACAAAAAQDAACCawIGAAAAAAgAAAAEAwAA8OsNBgAAAAAUAAAAAQYAAKwAAAC8AAAAzAAAANwAAADsAAAACAAAAAAEAABBxj4lvqkQOxgAAAABAgAAAQAAAAAAAAAPAAAAAAAAAAAAAAAAAAAACAAAAAQDAAADAAAAAAAAAAQAAAADAwAA9QEAAAgAAAABCQAAZmlsZTovLy8MAAAAAQEAAE1hY2ludG9zaCBIRAgAAAAEAwAAAJCClucAAAAIAAAAAAQAAEHGL8gGgAAAJAAAAAEBAAA4N0VDRjBCMy0xNUVGLTRCODktQkI2QS1GQTZFOTQxNjEyRjQYAAAAAQIAAIEAAAABAAAA7xMAAAEAAAAAAAAAAAAAAAEAAAABAQAALwAAAAAAAAABBQAAEAEAAAECAAA0YjgxMDQyMzY4ODM4NWY3NTE4NzFjMTMyNzc5MGUxMGI3YTE5YjNjYjE2NmM3OGEwMDgwNDg1OWVjNTE2ZTJhOzAwOzAwMDAwMDAwOzAwMDAwMDAwOzAwMDAwMDAwOzAwMDAwMDAwMDAwMDAwMjA7Y29tLmFwcGxlLmFwcC1zYW5kYm94LnJlYWQtd3JpdGU7MDE7MDEwMDAwMTE7MDAwMDAwMDAwNjBkZWJmMDs0MDsvdXNlcnMvd2FrYWxhL2Rlc2t0b3AvY2F1c2FsL2RlZXAgY2F1c2FsIGxlYXJuaW5nLSByZXByZXNlbnRhdGlvbiwgZGlzY292ZXJ5IGFuZCBpbmZlcmVuY2UucGRmAMwAAAD+////AQAAAAAAAAAQAAAABBAAAJAAAAAAAAAABRAAAPwAAAAAAAAAEBAAACgBAAAAAAAAQBAAABgBAAAAAAAAAiAAAPQBAAAAAAAABSAAAGQBAAAAAAAAECAAAHQBAAAAAAAAESAAAKgBAAAAAAAAEiAAAIgBAAAAAAAAEyAAAJgBAAAAAAAAICAAANQBAAAAAAAAMCAAAAACAAAAAAAAAcAAAEgBAAAAAAAAEcAAABQAAAAAAAAAEsAAAFgBAAAAAAAAgPAAAAgCAAAAAAAAAAgADQAaACMAZwAAAAAAAAIBAAAAAAAAAAUAAAAAAAAAAAAAAAAAAASP},
  bdsk-url-1    = {https://arxiv.org/abs/2211.03374},
  eprint        = {2211.03374},
  primaryclass  = {cs.LG},
  title         = {Deep Causal Learning: Representation, Discovery and Inference},
  url           = {https://arxiv.org/abs/2211.03374},
  year          = {2024}
}


@article{deshpande2019network,
  author      = {Deshpande, Atul and Chu, Li-Fang and Stewart, Ron and Gitter, Anthony},
  bdsk-file-1 = {YnBsaXN0MDDSAQIDBFxyZWxhdGl2ZVBhdGhYYm9va21hcmtfEFVOZXR3b3JrIGluZmVyZW5jZSB3aXRoIEdyYW5nZXIgY2F1c2FsaXR5IGVuc2VtYmxlcyBvbiBzaW5nbGUtY2VsbCB0cmFuc2NyaXB0b21pY3MucGRmTxEETGJvb2tMBAAAAAAEEDAAAAAAAAAAAAAAAAAAAAAAAAAAAAAAAAAAAAAAAAAAAAAAAEgDAAAFAAAAAQEAAFVzZXJzAAAABgAAAAEBAAB3YWthbGEAAAcAAAABAQAARGVza3RvcAAGAAAAAQEAAENhdXNhbAAAVQAAAAEBAABOZXR3b3JrIGluZmVyZW5jZSB3aXRoIEdyYW5nZXIgY2F1c2FsaXR5IGVuc2VtYmxlcyBvbiBzaW5nbGUtY2VsbCB0cmFuc2NyaXB0b21pY3MucGRmAAAAFAAAAAEGAAAEAAAAFAAAACQAAAA0AAAARAAAAAgAAAAEAwAA61wAAAAAAAAIAAAABAMAAHWIFQAAAAAACAAAAAQDAAB6iBUAAAAAAAgAAAAEAwAAgmsCBgAAAAAIAAAABAMAAJb4DgYAAAAAFAAAAAEGAADAAAAA0AAAAOAAAADwAAAAAAEAAAgAAAAABAAAQcY+9Kfe6sMYAAAAAQIAAAEAAAAAAAAADwAAAAAAAAAAAAAAAAAAAAgAAAAEAwAAAwAAAAAAAAAEAAAAAwMAAPUBAAAIAAAAAQkAAGZpbGU6Ly8vDAAAAAEBAABNYWNpbnRvc2ggSEQIAAAABAMAAACQgpbnAAAACAAAAAAEAABBxi/IBoAAACQAAAABAQAAODdFQ0YwQjMtMTVFRi00Qjg5LUJCNkEtRkE2RTk0MTYxMkY0GAAAAAECAACBAAAAAQAAAO8TAAABAAAAAAAAAAAAAAABAAAAAQEAAC8AAAAAAAAAAQUAACQBAAABAgAANDM3M2UwOTkwMmFhNTVhM2U5Yjc4YWI1NzdiMWNhNGVhMTNkMzY0MmQ3ZjAyNTE3MzkyMjYyZmZiNTNjYjA4MDswMDswMDAwMDAwMDswMDAwMDAwMDswMDAwMDAwMDswMDAwMDAwMDAwMDAwMDIwO2NvbS5hcHBsZS5hcHAtc2FuZGJveC5yZWFkLXdyaXRlOzAxOzAxMDAwMDExOzAwMDAwMDAwMDYwZWY4OTY7NDA7L3VzZXJzL3dha2FsYS9kZXNrdG9wL2NhdXNhbC9uZXR3b3JrIGluZmVyZW5jZSB3aXRoIGdyYW5nZXIgY2F1c2FsaXR5IGVuc2VtYmxlcyBvbiBzaW5nbGUtY2VsbCB0cmFuc2NyaXB0b21pY3MucGRmAMwAAAD+////AQAAAAAAAAAQAAAABBAAAKQAAAAAAAAABRAAABABAAAAAAAAEBAAADwBAAAAAAAAQBAAACwBAAAAAAAAAiAAAAgCAAAAAAAABSAAAHgBAAAAAAAAECAAAIgBAAAAAAAAESAAALwBAAAAAAAAEiAAAJwBAAAAAAAAEyAAAKwBAAAAAAAAICAAAOgBAAAAAAAAMCAAABQCAAAAAAAAAcAAAFwBAAAAAAAAEcAAABQAAAAAAAAAEsAAAGwBAAAAAAAAgPAAABwCAAAAAAAAAAgADQAaACMAewAAAAAAAAIBAAAAAAAAAAUAAAAAAAAAAAAAAAAAAATL},
  journal     = {BioRxiv},
  pages       = {534834},
  publisher   = {Cold Spring Harbor Laboratory},
  title       = {Network inference with granger causality ensembles on single-cell transcriptomic data},
  year        = {2019}
}

@article{deshpande2022network,
  title={Network inference with Granger causality ensembles on single-cell transcriptomics},
  author={Deshpande, Atul and Chu, Li-Fang and Stewart, Ron and Gitter, Anthony},
  journal={Cell reports},
  volume={38},
  number={6},
  year={2022},
  publisher={Elsevier}
}


@article{dijk2017magic,
  author    = {Dijk, David van and Nainys, Juozas and Sharma, Roshan and Kaithail, Pooja and Carr, Ambrose J and Moon, Kevin R and Mazutis, Linas and Wolf, Guy and Krishnaswamy, Smita and Pe'er, Dana},
  journal   = {BioRxiv},
  pages     = {111591},
  publisher = {Cold Spring Harbor Laboratory},
  title     = {MAGIC: A diffusion-based imputation method reveals gene-gene interactions in single-cell RNA-sequencing data},
  year      = {2017}
}


@article{dixit2016perturb,
  author    = {Dixit, Atray and Parnas, Oren and Li, Biyu and Chen, Jenny and Fulco, Charles P and Jerby-Arnon, Livnat and Marjanovic, Nemanja D and Dionne, Danielle and Burks, Tyler and Raychowdhury, Raktima and others},
  journal   = {cell},
  number    = {7},
  pages     = {1853--1866},
  publisher = {Elsevier},
  title     = {Perturb-Seq: dissecting molecular circuits with scalable single-cell RNA profiling of pooled genetic screens},
  volume    = {167},
  year      = {2016}
}


@article{donald2007inference,
  author    = {Donald, Stephen G and Lang, Kevin},
  journal   = {The review of Economics and Statistics},
  number    = {2},
  pages     = {221--233},
  publisher = {The MIT Press},
  title     = {Inference with difference-in-differences and other panel data},
  volume    = {89},
  year      = {2007}
}


@article{dong2013inference,
  author    = {Dong, Zijian and Song, Tiecheng and Yuan, Chuang},
  journal   = {PloS one},
  number    = {12},
  pages     = {e83263},
  publisher = {Public Library of Science San Francisco, USA},
  title     = {Inference of gene regulatory networks from genetic perturbations with linear regression model},
  volume    = {8},
  year      = {2013}
}


@article{dong2023causal,
  author      = {Dong, Mingze and Wang, Bao and Wei, Jessica and de O. Fonseca, Antonio H and Perry, Curtis J and Frey, Alexander and Ouerghi, Feriel and Foxman, Ellen F and Ishizuka, Jeffrey J and Dhodapkar, Rahul M and others},
  bdsk-file-1 = {YnBsaXN0MDDSAQIDBFxyZWxhdGl2ZVBhdGhYYm9va21hcmtfEGRDYXVzYWwgSW5mZXJlbmNlIGluIEdlbmUgUmVndWxhdG9yeSBOZXR3b3JrcyB3aXRoIEdGbG93TmV0LSBUb3dhcmRzIFNjYWxhYmlsaXR5IGluIExhcmdlIFN5c3RlbXMucGRmTxEEaGJvb2toBAAAAAAEEDAAAAAAAAAAAAAAAAAAAAAAAAAAAAAAAAAAAAAAAAAAAAAAAGQDAAAFAAAAAQEAAFVzZXJzAAAABgAAAAEBAAB3YWthbGEAAAcAAAABAQAARGVza3RvcAAGAAAAAQEAAENhdXNhbAAAZAAAAAEBAABDYXVzYWwgSW5mZXJlbmNlIGluIEdlbmUgUmVndWxhdG9yeSBOZXR3b3JrcyB3aXRoIEdGbG93TmV0LSBUb3dhcmRzIFNjYWxhYmlsaXR5IGluIExhcmdlIFN5c3RlbXMucGRmFAAAAAEGAAAEAAAAFAAAACQAAAA0AAAARAAAAAgAAAAEAwAA61wAAAAAAAAIAAAABAMAAHWIFQAAAAAACAAAAAQDAAB6iBUAAAAAAAgAAAAEAwAAgmsCBgAAAAAIAAAABAMAAG3/DgYAAAAAFAAAAAEGAADMAAAA3AAAAOwAAAD8AAAADAEAAAgAAAAABAAAQcY+9pp5b4cYAAAAAQIAAAEAAAAAAAAADwAAAAAAAAAAAAAAAAAAAAgAAAAEAwAAAwAAAAAAAAAEAAAAAwMAAPUBAAAIAAAAAQkAAGZpbGU6Ly8vDAAAAAEBAABNYWNpbnRvc2ggSEQIAAAABAMAAACQgpbnAAAACAAAAAAEAABBxi/IBoAAACQAAAABAQAAODdFQ0YwQjMtMTVFRi00Qjg5LUJCNkEtRkE2RTk0MTYxMkY0GAAAAAECAACBAAAAAQAAAO8TAAABAAAAAAAAAAAAAAABAAAAAQEAAC8AAAAAAAAAAQUAADMBAAABAgAAZjFkYzBlNDA1YTg4YjAzZTQ3YmRhZmE4ZjhhZjdiMTI3OWUwODhiYWM5NTlkM2RiODgxYmQyOGIyM2I1OTBhYjswMDswMDAwMDAwMDswMDAwMDAwMDswMDAwMDAwMDswMDAwMDAwMDAwMDAwMDIwO2NvbS5hcHBsZS5hcHAtc2FuZGJveC5yZWFkLXdyaXRlOzAxOzAxMDAwMDExOzAwMDAwMDAwMDYwZWZmNmQ7NDA7L3VzZXJzL3dha2FsYS9kZXNrdG9wL2NhdXNhbC9jYXVzYWwgaW5mZXJlbmNlIGluIGdlbmUgcmVndWxhdG9yeSBuZXR3b3JrcyB3aXRoIGdmbG93bmV0LSB0b3dhcmRzIHNjYWxhYmlsaXR5IGluIGxhcmdlIHN5c3RlbXMucGRmAADMAAAA/v///wEAAAAAAAAAEAAAAAQQAACwAAAAAAAAAAUQAAAcAQAAAAAAABAQAABIAQAAAAAAAEAQAAA4AQAAAAAAAAIgAAAUAgAAAAAAAAUgAACEAQAAAAAAABAgAACUAQAAAAAAABEgAADIAQAAAAAAABIgAACoAQAAAAAAABMgAAC4AQAAAAAAACAgAAD0AQAAAAAAADAgAAAgAgAAAAAAAAHAAABoAQAAAAAAABHAAAAUAAAAAAAAABLAAAB4AQAAAAAAAIDwAAAoAgAAAAAAAAAIAA0AGgAjAIoAAAAAAAACAQAAAAAAAAAFAAAAAAAAAAAAAAAAAAAE9g==},
  journal     = {Nature Methods},
  number      = {11},
  pages       = {1769--1779},
  publisher   = {Nature Publishing Group US New York},
  title       = {Causal identification of single-cell experimental perturbation effects with CINEMA-OT},
  volume      = {20},
  year        = {2023}
}

@article{dong2024deep,
  author    = {Dong, Jiayi and Li, Jiahao and Wang, Fei},
  journal   = {IEEE/ACM Transactions on Computational Biology and Bioinformatics},
  issue     = {6},
  pages     = {2089 - 2101},
  publisher = {IEEE},
  title     = {Deep learning in gene regulatory network inference: a survey},
  volume    = {21},
  year      = {2024},
}

@article{du2024causal,
  author  = {Du, Xiaojing and Yang, Feiyu and Gao, Wentao and Chen, Xiongren},
  journal = {arXiv preprint arXiv:2409.08544},
  title   = {Causal GNNs: A GNN-Driven Instrumental Variable Approach for Causal Inference in Networks},
  year    = {2024}
}


@article{duan2019model,
  author    = {Duan, Bin and Zhou, Chi and Zhu, Chengyu and Yu, Yifei and Li, Gaoyang and Zhang, Shihua and Zhang, Chao and Ye, Xiangyun and Ma, Hanhui and Qu, Shen and others},
  journal   = {Nature communications},
  number    = {1},
  pages     = {2233},
  publisher = {Nature Publishing Group UK London},
  title     = {Model-based understanding of single-cell CRISPR screening},
  volume    = {10},
  year      = {2019}
}


@article{eales2021uncovering,
  author    = {Eales, James M and Jiang, Xiao and Xu, Xiaoguang and Saluja, Sushant and Akbarov, Artur and Cano-Gamez, Eddie and McNulty, Michelle T and Finan, Christopher and Guo, Hui and Wystrychowski, Wojciech and others},
  journal   = {Nature genetics},
  number    = {5},
  pages     = {630--637},
  publisher = {Nature Publishing Group US New York},
  title     = {Uncovering genetic mechanisms of hypertension through multi-omic analysis of the kidney},
  volume    = {53},
  year      = {2021}
}


@article{emdin2017mendelian,
  author    = {Emdin, Connor A and Khera, Amit V and Kathiresan, Sekar},
  journal   = {Jama},
  number    = {19},
  pages     = {1925--1926},
  publisher = {American Medical Association},
  title     = {Mendelian randomization},
  volume    = {318},
  year      = {2017}
}


@article{emmert2014gene,
  author    = {Emmert-Streib, Frank and Dehmer, Matthias and Haibe-Kains, Benjamin},
  journal   = {Frontiers in cell and developmental biology},
  pages     = {38},
  publisher = {Frontiers Media SA},
  title     = {Gene regulatory networks and their applications: understanding biological and medical problems in terms of networks},
  volume    = {2},
  year      = {2014}
}


@article{eraslan2022single,
  author      = {Eraslan, G{\"o}kcen and Drokhlyansky, Eugene and Anand, Shankara and Fiskin, Evgenij and Subramanian, Ayshwarya and Slyper, Michal and Wang, Jiali and Van Wittenberghe, Nicholas and Rouhana, John M and Waldman, Julia and others},
  bdsk-file-1 = {YnBsaXN0MDDSAQIDBFxyZWxhdGl2ZVBhdGhYYm9va21hcmtfEGJTaW5nbGUtbnVjbGV1cyBjcm9zcy10aXNzdWUgbW9sZWN1bGFyIHJlZmVyZW5jZW1hcHMgdG93YXJkIHVuZGVyc3RhbmRpbmcgZGlzZWFzZSBnZW5lIGZ1bmN0aW9uLnBkZk8RBGhib29raAQAAAAABBAwAAAAAAAAAAAAAAAAAAAAAAAAAAAAAAAAAAAAAAAAAAAAAABkAwAABQAAAAEBAABVc2VycwAAAAYAAAABAQAAd2FrYWxhAAAHAAAAAQEAAERlc2t0b3AABgAAAAEBAABDYXVzYWwAAGIAAAABAQAAU2luZ2xlLW51Y2xldXMgY3Jvc3MtdGlzc3VlIG1vbGVjdWxhciByZWZlcmVuY2VtYXBzIHRvd2FyZCB1bmRlcnN0YW5kaW5nIGRpc2Vhc2UgZ2VuZSBmdW5jdGlvbi5wZGYAABQAAAABBgAABAAAABQAAAAkAAAANAAAAEQAAAAIAAAABAMAAOtcAAAAAAAACAAAAAQDAAB1iBUAAAAAAAgAAAAEAwAAeogVAAAAAAAIAAAABAMAAIJrAgYAAAAACAAAAAQDAADuFg4GAAAAABQAAAABBgAAzAAAANwAAADsAAAA/AAAAAwBAAAIAAAAAAQAAEHGPjKWZwADGAAAAAECAAABAAAAAAAAAA8AAAAAAAAAAAAAAAAAAAAIAAAABAMAAAMAAAAAAAAABAAAAAMDAAD1AQAACAAAAAEJAABmaWxlOi8vLwwAAAABAQAATWFjaW50b3NoIEhECAAAAAQDAAAAkIKW5wAAAAgAAAAABAAAQcYvyAaAAAAkAAAAAQEAADg3RUNGMEIzLTE1RUYtNEI4OS1CQjZBLUZBNkU5NDE2MTJGNBgAAAABAgAAgQAAAAEAAADvEwAAAQAAAAAAAAAAAAAAAQAAAAEBAAAvAAAAAAAAAAEFAAAxAQAAAQIAAGNkYTU2MGI2YmZkMDdiMTdkMGQ0MTQyMGIxNGZlOGJlNmQyZmVkNGNhZDY2NDI2NzJlMzc5NTQwN2IwNDUzZGY7MDA7MDAwMDAwMDA7MDAwMDAwMDA7MDAwMDAwMDA7MDAwMDAwMDAwMDAwMDAyMDtjb20uYXBwbGUuYXBwLXNhbmRib3gucmVhZC13cml0ZTswMTswMTAwMDAxMTswMDAwMDAwMDA2MGUxNmVlOzQwOy91c2Vycy93YWthbGEvZGVza3RvcC9jYXVzYWwvc2luZ2xlLW51Y2xldXMgY3Jvc3MtdGlzc3VlIG1vbGVjdWxhciByZWZlcmVuY2VtYXBzIHRvd2FyZCB1bmRlcnN0YW5kaW5nIGRpc2Vhc2UgZ2VuZSBmdW5jdGlvbi5wZGYAAAAAzAAAAP7///8BAAAAAAAAABAAAAAEEAAAsAAAAAAAAAAFEAAAHAEAAAAAAAAQEAAASAEAAAAAAABAEAAAOAEAAAAAAAACIAAAFAIAAAAAAAAFIAAAhAEAAAAAAAAQIAAAlAEAAAAAAAARIAAAyAEAAAAAAAASIAAAqAEAAAAAAAATIAAAuAEAAAAAAAAgIAAA9AEAAAAAAAAwIAAAIAIAAAAAAAABwAAAaAEAAAAAAAARwAAAFAAAAAAAAAASwAAAeAEAAAAAAACA8AAAKAIAAAAAAAAACAANABoAIwCIAAAAAAAAAgEAAAAAAAAABQAAAAAAAAAAAAAAAAAABPQ=},
  journal     = {Science},
  number      = {6594},
  pages       = {eabl4290},
  publisher   = {American Association for the Advancement of Science},
  title       = {Single-nucleus cross-tissue molecular reference maps toward understanding disease gene function},
  volume      = {376},
  year        = {2022}
}


@article{escorcia2023improving,
  author    = {Escorcia-Rodr{\'\i}guez, Juan M and Gaytan-Nu{\~n}ez, Estefani and Hernandez-Benitez, Ericka M and Zorro-Aranda, Andrea and Tello-Palencia, Marco A and Freyre-Gonz{\'a}lez, Julio A},
  journal   = {Frontiers in Genetics},
  pages     = {1143382},
  publisher = {Frontiers Media SA},
  title     = {Improving gene regulatory network inference and assessment: The importance of using network structure},
  volume    = {14},
  year      = {2023}
}


@article{fang2021deepan,
  author    = {Fang, Chao and Xu, Dong and Su, Jing and Dry, Jonathan R and Linghu, Bolan},
  journal   = {NPJ digital medicine},
  number    = {1},
  pages     = {14},
  publisher = {Nature Publishing Group UK London},
  title     = {DeePaN: dee p pa tient graph convolutional n etwork integrating clinico-genomic evidence to stratify lung cancers for immunotherapy},
  volume    = {4},
  year      = {2021}
}


@inproceedings{feng2021should,
  author    = {Feng, Fuli and Huang, Weiran and He, Xiangnan and Xin, Xin and Wang, Qifan and Chua, Tat-Seng},
  booktitle = {Proceedings of the 44th International ACM SIGIR Conference on Research and Development in Information Retrieval},
  pages     = {1208--1218},
  title     = {Should graph convolution trust neighbors? a simple causal inference method},
  year      = {2021}
}


@article{feng2022single,
  author    = {Feng, Xiang and Fang, Fang and Long, Haixia and Zeng, Rao and Yao, Yuhua},
  journal   = {Frontiers in Genetics},
  pages     = {1003711},
  publisher = {Frontiers Media SA},
  title     = {Single-cell RNA-seq data analysis using graph autoencoders and graph attention networks},
  volume    = {13},
  year      = {2022}
}


@article{fienko2022alternative,
  author    = {Fienko, Sandra and Landles, Christian and Sathasivam, Kirupa and McAteer, Sean J and Milton, Rebecca E and Osborne, Georgina F and Smith, Edward J and Jones, Samuel T and Bondulich, Marie K and Danby, Emily CE and others},
  journal   = {Brain},
  number    = {12},
  pages     = {4409--4424},
  publisher = {Oxford University Press US},
  title     = {Alternative processing of human HTT mRNA with implications for Huntington’s disease therapeutics},
  volume    = {145},
  year      = {2022}
}


@article{fleck2023inferring,
  author    = {Fleck, Jonas Simon and Jansen, Sophie Martina Johanna and Wollny, Damian and Zenk, Fides and Seimiya, Makiko and Jain, Akanksha and Okamoto, Ryoko and Santel, Malgorzata and He, Zhisong and Camp, J Gray and others},
  journal   = {Nature},
  number    = {7978},
  pages     = {365--372},
  publisher = {Nature Publishing Group UK London},
  title     = {Inferring and perturbing cell fate regulomes in human brain organoids},
  volume    = {621},
  year      = {2023}
}


@article{forastiere2021identification,
  author    = {Forastiere, Laura and Airoldi, Edoardo M and Mealli, Fabrizia},
  journal   = {Journal of the American Statistical Association},
  number    = {534},
  pages     = {901--918},
  publisher = {Taylor \& Francis},
  title     = {Identification and estimation of treatment and interference effects in observational studies on networks},
  volume    = {116},
  year      = {2021}
}


@article{foreman2024adopting,
  author    = {Foreman, Amy L and Warth, Benedikt and Hessel, Ellen VS and Price, Elliott J and Schymanski, Emma L and Cantelli, Gaia and Parkinson, Helen and Hecht, Helge and Kl{\'a}nov{\'a}, Jana and Vlaanderen, Jelle and others},
  journal   = {Environmental Science \& Technology},
  number    = {17},
  pages     = {7256--7269},
  publisher = {ACS Publications},
  title     = {Adopting Mechanistic Molecular Biology Approaches in Exposome Research for Causal Understanding},
  volume    = {58},
  year      = {2024}
}


@inproceedings{friedman2000using,
  author    = {Friedman, Nir and Linial, Michal and Nachman, Iftach and Pe'er, Dana},
  booktitle = {Proceedings of the fourth annual international conference on Computational molecular biology},
  pages     = {127--135},
  title     = {Using Bayesian networks to analyze expression data},
  year      = {2000}
}


@article{gan2024inferring,
  author    = {Gan, Yanglan and Yu, Jiacheng and Xu, Guangwei and Yan, Cairong and Zou, Guobing},
  journal   = {Bioinformatics},
  pages     = {btae291},
  publisher = {Oxford University Press},
  title     = {Inferring gene regulatory networks from single-cell transcriptomics based on graph embedding},
  year      = {2024}
}


@article{gawel2019validated,
  author    = {Gawel, Danuta R and Serra-Musach, Jordi and Lilja, Sandra and Aagesen, Jesper and Arenas, Alex and Asking, Bengt and Bengn{\'e}r, Malin and Bj{\"o}rkander, Janne and Biggs, Sophie and Ernerudh, Jan and others},
  journal   = {Genome medicine},
  pages     = {1--25},
  publisher = {Springer},
  title     = {A validated single-cell-based strategy to identify diagnostic and therapeutic targets in complex diseases},
  volume    = {11},
  year      = {2019}
}


@article{gehring2016convolutional,
  author  = {Gehring, Jonas and Auli, Michael and Grangier, David and Dauphin, Yann N},
  journal = {arXiv preprint arXiv:1611.02344},
  title   = {A convolutional encoder model for neural machine translation},
  year    = {2016}
}


@inproceedings{geiger2022inducing,
  author       = {Geiger, Atticus and Wu, Zhengxuan and Lu, Hanson and Rozner, Josh and Kreiss, Elisa and Icard, Thomas and Goodman, Noah and Potts, Christopher},
  booktitle    = {International Conference on Machine Learning},
  organization = {PMLR},
  pages        = {7324--7338},
  title        = {Inducing causal structure for interpretable neural networks},
  year         = {2022}
}

@article{geng2021high,
  author    = {Geng, Hao and Ma, Yuzhe and Xu, Qi and Miao, Jin and Roy, Subhendu and Yu, Bei},
  journal   = {IEEE Transactions on Computer-Aided Design of Integrated Circuits and Systems},
  number    = {8},
  pages     = {2657--2670},
  publisher = {IEEE},
  title     = {High-speed adder design space exploration via graph neural processes},
  volume    = {41},
  year      = {2021}
}


@article{geng2021high,
  author    = {Geng, Hao and Ma, Yuzhe and Xu, Qi and Miao, Jin and Roy, Subhendu and Yu, Bei},
  journal   = {IEEE Transactions on Computer-Aided Design of Integrated Circuits and Systems},
  number    = {8},
  pages     = {2657--2670},
  publisher = {IEEE},
  title     = {High-speed adder design space exploration via graph neural processes},
  volume    = {41},
  year      = {2021}
}


@article{gibney2010epigenetics,
  author    = {Gibney, ER and Nolan, CM},
  journal   = {Heredity},
  number    = {1},
  pages     = {4--13},
  publisher = {Nature Publishing Group},
  title     = {Epigenetics and gene expression},
  volume    = {105},
  year      = {2010}
}


@inproceedings{gilmer2017neural,
  author       = {Gilmer, Justin and Schoenholz, Samuel S and Riley, Patrick F and Vinyals, Oriol and Dahl, George E},
  booktitle    = {International conference on machine learning},
  organization = {PMLR},
  pages        = {1263--1272},
  title        = {Neural message passing for quantum chemistry},
  year         = {2017}
}


@article{glymour2019review,
  author    = {Glymour, Clark and Zhang, Kun and Spirtes, Peter},
  journal   = {Frontiers in genetics},
  pages     = {524},
  publisher = {Frontiers Media SA},
  title     = {Review of causal discovery methods based on graphical models},
  volume    = {10},
  year      = {2019}
}


@article{gondal2019transfer,
  author  = {Gondal, Muhammad Waleed and Wuthrich, Manuel and Miladinovic, Djordje and Locatello, Francesco and Breidt, Martin and Volchkov, Valentin and Akpo, Joel and Bachem, Olivier and Sch{\"o}lkopf, Bernhard and Bauer, Stefan},
  journal = {Advances in Neural Information Processing Systems},
  title   = {On the transfer of inductive bias from simulation to the real world: a new disentanglement dataset},
  volume  = {32},
  year    = {2019}
}


@inproceedings{gori2005new,
  author       = {Gori, Marco and Monfardini, Gabriele and Scarselli, Franco},
  booktitle    = {Proceedings. 2005 IEEE international joint conference on neural networks, 2005.},
  organization = {IEEE},
  pages        = {729--734},
  title        = {A new model for learning in graph domains},
  volume       = {2},
  year         = {2005}
}


@article{gu2022scgnn,
  author    = {Gu, Haocheng and Cheng, Hao and Ma, Anjun and Li, Yang and Wang, Juexin and Xu, Dong and Ma, Qin},
  journal   = {Bioinformatics},
  number    = {23},
  pages     = {5322--5325},
  publisher = {Oxford University Press},
  title     = {scGNN 2.0: a graph neural network tool for imputation and clustering of single-cell RNA-Seq data},
  volume    = {38},
  year      = {2022}
}


@article{gulati2024profiling,
  author    = {Gulati, Gunsagar S and D’Silva, Jeremy Philip and Liu, Yunhe and Wang, Linghua and Newman, Aaron M},
  journal   = {Nature Reviews Molecular Cell Biology},
  pages     = {1--21},
  publisher = {Nature Publishing Group UK London},
  title     = {Profiling cell identity and tissue architecture with single-cell and spatial transcriptomics},
  year      = {2024}
}


@article{hair2021introduction,
  author    = {Hair Jr, Joseph F and Hult, G Tomas M and Ringle, Christian M and Sarstedt, Marko and Danks, Nicholas P and Ray, Soumya and Hair, Joseph F and Hult, G Tomas M and Ringle, Christian M and Sarstedt, Marko and others},
  journal   = {Partial least squares structural equation modeling (PLS-SEM) using R: a workbook},
  pages     = {1--29},
  publisher = {Springer},
  title     = {An introduction to structural equation modeling},
  year      = {2021}
}


@article{hajij2022topological,
  author  = {Hajij, Mustafa and Zamzmi, Ghada and Papamarkou, Theodore and Miolane, Nina and Guzm{\'a}n-S{\'a}enz, Aldo and Ramamurthy, Karthikeyan Natesan and Birdal, Tolga and Dey, Tamal K and Mukherjee, Soham and Samaga, Shreyas N and others},
  journal = {arXiv preprint arXiv:2206.00606},
  title   = {Topological deep learning: Going beyond graph data},
  year    = {2022}
}


@article{hamilton2017inductive,
  author  = {Hamilton, Will and Ying, Zhitao and Leskovec, Jure},
  journal = {Advances in neural information processing systems},
  title   = {Inductive representation learning on large graphs},
  volume  = {30},
  year    = {2017}
}


@article{han2008understanding,
  author    = {Han, Jing-Dong Jackie},
  journal   = {Cell research},
  number    = {2},
  pages     = {224--237},
  publisher = {Nature Publishing Group},
  title     = {Understanding biological functions through molecular networks},
  volume    = {18},
  year      = {2008}
}



@article{harris2013pc,
  author  = {Harris, Naftali and Drton, Mathias},
  journal = {Journal of Machine Learning Research},
  number  = {11},
  title   = {PC algorithm for nonparanormal graphical models.},
  volume  = {14},
  year    = {2013}
}


@inproceedings{he2016deep,
  author    = {He, Kaiming and Zhang, Xiangyu and Ren, Shaoqing and Sun, Jian},
  booktitle = {Proceedings of the IEEE conference on computer vision and pattern recognition},
  pages     = {770--778},
  title     = {Deep residual learning for image recognition},
  year      = {2016}
}


@article{heckerman2013bayesian,
  author  = {Heckerman, David},
  journal = {arXiv preprint arXiv:1302.4958},
  title   = {A Bayesian approach to learning causal networks},
  year    = {2013}
}


@article{hlavavckova2009causality,
  author    = {Hlav{\'a}{\v{c}}kov{\'a}-Schindler, Kate{\v{r}}ina},
  journal   = {Information theory and statistical learning},
  pages     = {183--207},
  publisher = {Springer},
  title     = {Causality in time series: its detection and quantification by means of information theory},
  year      = {2009}
}


@article{hornik1991approximation,
  author    = {Hornik, Kurt},
  journal   = {Neural networks},
  number    = {2},
  pages     = {251--257},
  publisher = {Elsevier},
  title     = {Approximation capabilities of multilayer feedforward networks},
  volume    = {4},
  year      = {1991}
}


@article{huang2024graph,
  author    = {Huang, Zhenhua and Li, Kunhao and Jiang, Yihang and Jia, Zhaohong and Lv, Linyuan and Ma, Yunjie},
  journal   = {Knowledge-Based Systems},
  pages     = {112311},
  publisher = {Elsevier},
  title     = {Graph Relearn Network: Reducing performance variance and improving prediction accuracy of graph neural networks},
  volume    = {301},
  year      = {2024}
}


@article{huo2023integrating,
  author    = {Huo, Yuying and Guo, Yilang and Wang, Jiakang and Xue, Huijie and Feng, Yujuan and Chen, Weizheng and Li, Xiangyu},
  journal   = {Journal of Genetics and Genomics},
  number    = {9},
  pages     = {720--733},
  publisher = {Elsevier},
  title     = {Integrating multi-modal information to detect spatial domains of spatial transcriptomics by graph attention network},
  volume    = {50},
  year      = {2023}
}


@article{huynh2010inferring,
  author    = {Huynh-Thu, V{\^a}n Anh and Irrthum, Alexandre and Wehenkel, Louis and Geurts, Pierre},
  journal   = {PloS one},
  number    = {9},
  pages     = {e12776},
  publisher = {Public Library of Science San Francisco, USA},
  title     = {Inferring regulatory networks from expression data using tree-based methods},
  volume    = {5},
  year      = {2010}
}


@article{huynh2019gene,
  author    = {Huynh-Thu, V{\^a}n Anh and Sanguinetti, Guido},
  journal   = {Gene regulatory networks: Methods and protocols},
  pages     = {1--23},
  publisher = {Springer},
  title     = {Gene regulatory network inference: an introductory survey},
  year      = {2019}
}


@article{hwang2018single,
  author    = {Hwang, Byungjin and Lee, Ji Hyun and Bang, Duhee},
  journal   = {Experimental \& molecular medicine},
  number    = {8},
  pages     = {1--14},
  publisher = {Nature Publishing Group UK London},
  title     = {Single-cell RNA sequencing technologies and bioinformatics pipelines},
  volume    = {50},
  year      = {2018}
}


@article{imbens2008regression,
  author    = {Imbens, Guido W and Lemieux, Thomas},
  journal   = {Journal of econometrics},
  number    = {2},
  pages     = {615--635},
  publisher = {Elsevier},
  title     = {Regression discontinuity designs: A guide to practice},
  volume    = {142},
  year      = {2008}
}


@inproceedings{jegou2017one,
  author    = {J{\'e}gou, Simon and Drozdzal, Michal and Vazquez, David and Romero, Adriana and Bengio, Yoshua},
  booktitle = {Proceedings of the IEEE conference on computer vision and pattern recognition workshops},
  pages     = {11--19},
  title     = {The one hundred layers tiramisu: Fully convolutional densenets for semantic segmentation},
  year      = {2017}
}


@article{jin2020vivo,
  author    = {Jin, Xin and Simmons, Sean K and Guo, Amy and Shetty, Ashwin S and Ko, Michelle and Nguyen, Lan and Jokhi, Vahbiz and Robinson, Elise and Oyler, Paul and Curry, Nathan and others},
  journal   = {Science},
  number    = {6520},
  pages     = {eaaz6063},
  publisher = {American Association for the Advancement of Science},
  title     = {In vivo Perturb-Seq reveals neuronal and glial abnormalities associated with autism risk genes},
  volume    = {370},
  year      = {2020}
}


@article{jin2021inference,
  author    = {Jin, Suoqin and Guerrero-Juarez, Christian F and Zhang, Lihua and Chang, Ivan and Ramos, Raul and Kuan, Chen-Hsiang and Myung, Peggy and Plikus, Maksim V and Nie, Qing},
  journal   = {Nature communications},
  number    = {1},
  pages     = {1088},
  publisher = {Nature Publishing Group UK London},
  title     = {Inference and analysis of cell-cell communication using CellChat},
  volume    = {12},
  year      = {2021}
}


@article{job2023exploring,
  author  = {Job, Simi and Tao, Xiaohui and Cai, Taotao and Xie, Haoran and Li, Lin and Yong, Jianming and Li, Qing},
  journal = {arXiv preprint arXiv:2311.14994},
  title   = {Exploring causal learning through graph neural networks: an in-depth review},
  year    = {2023}
}


@misc{job2023exploringcausallearninggraph,
  archiveprefix = {arXiv},
  author        = {Simi Job and Xiaohui Tao and Taotao Cai and Haoran Xie and Lin Li and Jianming Yong and Qing Li},
  eprint        = {2311.14994},
  primaryclass  = {cs.LG},
  title         = {Exploring Causal Learning through Graph Neural Networks: An In-depth Review},
  url           = {https://arxiv.org/abs/2311.14994},
  year          = {2023}
}


@article{kalisch2007estimating,
  author  = {Kalisch, Markus and B{\"u}hlman, Peter},
  journal = {Journal of Machine Learning Research},
  number  = {3},
  title   = {Estimating high-dimensional directed acyclic graphs with the PC-algorithm.},
  volume  = {8},
  year    = {2007}
}


@article{kane2020propensity,
  author    = {Kane, Liam T and Fang, Taolin and Galetta, Matthew S and Goyal, Dhruv KC and Nicholson, Kristen J and Kepler, Christopher K and Vaccaro, Alexander R and Schroeder, Gregory D},
  journal   = {Clinical spine surgery},
  number    = {3},
  pages     = {120--122},
  publisher = {LWW},
  title     = {Propensity score matching: a statistical method},
  volume    = {33},
  year      = {2020}
}


@article{kartha2022functional,
  author    = {Kartha, Vinay K and Duarte, Fabiana M and Hu, Yan and Ma, Sai and Chew, Jennifer G and Lareau, Caleb A and Earl, Andrew and Burkett, Zach D and Kohlway, Andrew S and Lebofsky, Ronald and others},
  journal   = {Cell genomics},
  number    = {9},
  publisher = {Elsevier},
  title     = {Functional inference of gene regulation using single-cell multi-omics},
  volume    = {2},
  year      = {2022}
}


@article{kc2019gne,
  author    = {Kc, Kishan and Li, Rui and Cui, Feng and Yu, Qi and Haake, Anne R},
  journal   = {BMC systems biology},
  pages     = {1--14},
  publisher = {Springer},
  title     = {GNE: a deep learning framework for gene network inference by aggregating biological information},
  volume    = {13},
  year      = {2019}
}


@article{keil2024review,
  author    = {Keil, Alexander P and Zadrozny, Sabrina and Edwards, Jessie K},
  journal   = {Current Epidemiology Reports},
  number    = {1},
  pages     = {54--62},
  publisher = {Springer},
  title     = {A Review and Synthesis of Multi-level Models for Causal Inference with Individual Level Exposures},
  volume    = {11},
  year      = {2024}
}


@article{kelly2022review,
  author    = {Kelly, Jack and Berzuini, Carlo and Keavney, Bernard and Tomaszewski, Maciej and Guo, Hui},
  journal   = {Molecular genetics \& genomic medicine},
  number    = {10},
  pages     = {e2055},
  publisher = {Wiley Online Library},
  title     = {A review of causal discovery methods for molecular network analysis},
  volume    = {10},
  year      = {2022}
}


@article{kim2023gene,
  author    = {Kim, Daniel and Tran, Andy and Kim, Hani Jieun and Lin, Yingxin and Yang, Jean Yee Hwa and Yang, Pengyi},
  journal   = {NPJ Systems Biology and Applications},
  number    = {1},
  pages     = {51},
  publisher = {Nature Publishing Group UK London},
  title     = {Gene regulatory network reconstruction: harnessing the power of single-cell multi-omic data},
  volume    = {9},
  year      = {2023}
}


@article{kingma2019introduction,
  author    = {Kingma, Diederik P and Welling, Max and others},
  journal   = {Foundations and Trends{\textregistered} in Machine Learning},
  number    = {4},
  pages     = {307--392},
  publisher = {Now Publishers, Inc.},
  title     = {An introduction to variational autoencoders},
  volume    = {12},
  year      = {2019}
}


@article{kipf2016semi,
  author  = {Kipf, Thomas N and Welling, Max},
  journal = {arXiv preprint arXiv:1609.02907},
  title   = {Semi-supervised classification with graph convolutional networks},
  year    = {2016}
}


@article{kipf2016variational,
  author  = {Kipf, Thomas N and Welling, Max},
  journal = {arXiv preprint arXiv:1611.07308},
  title   = {Variational graph auto-encoders},
  year    = {2016}
}


@article{kitano2002systems,
  author    = {Kitano, Hiroaki},
  journal   = {science},
  number    = {5560},
  pages     = {1662--1664},
  publisher = {American Association for the Advancement of Science},
  title     = {Systems biology: a brief overview},
  volume    = {295},
  year      = {2002}
}


@misc{kommu2024generegulatorynetworkinference,
  archiveprefix = {arXiv},
  author        = {Sindhura Kommu and Yizhi Wang and Yue Wang and Xuan Wang},
  eprint        = {2407.18181},
  primaryclass  = {cs.LG},
  title         = {Gene Regulatory Network Inference from Pre-trained Single-Cell Transcriptomics Transformer with Joint Graph Learning},
  url           = {https://arxiv.org/abs/2407.18181},
  year          = {2024}
}

@article{kotlyar2015silico,
  author    = {Kotlyar, Max and Pastrello, Chiara and Pivetta, Flavia and Lo Sardo, Alessandra and Cumbaa, Christian and Li, Han and Naranian, Taline and Niu, Yun and Ding, Zhiyong and Vafaee, Fatemeh and others},
  journal   = {Nature methods},
  number    = {1},
  pages     = {79--84},
  publisher = {Nature Publishing Group},
  title     = {In silico prediction of physical protein interactions and characterization of interactome orphans},
  volume    = {12},
  year      = {2015}
}

@article{krizhevsky2012imagenet,
  author  = {Krizhevsky, Alex and Sutskever, Ilya and Hinton, Geoffrey E},
  journal = {Advances in neural information processing systems},
  title   = {Imagenet classification with deep convolutional neural networks},
  volume  = {25},
  year    = {2012}
}


@article{lagergren2020biologically,
  author    = {Lagergren, John H and Nardini, John T and Baker, Ruth E and Simpson, Matthew J and Flores, Kevin B},
  journal   = {PLoS computational biology},
  number    = {12},
  pages     = {e1008462},
  publisher = {Public Library of Science San Francisco, CA USA},
  title     = {Biologically-informed neural networks guide mechanistic modeling from sparse experimental data},
  volume    = {16},
  year      = {2020}
}


@article{lahnemann2020eleven,
  author    = {L{\"a}hnemann, David and K{\"o}ster, Johannes and Szczurek, Ewa and McCarthy, Davis J and Hicks, Stephanie C and Robinson, Mark D and Vallejos, Catalina A and Campbell, Kieran R and Beerenwinkel, Niko and Mahfouz, Ahmed and others},
  journal   = {Genome biology},
  pages     = {1--35},
  publisher = {Springer},
  title     = {Eleven grand challenges in single-cell data science},
  volume    = {21},
  year      = {2020}
}


@article{lambert2018human,
  author    = {Lambert, Samuel A and Jolma, Arttu and Campitelli, Laura F and Das, Pratyush K and Yin, Yimeng and Albu, Mihai and Chen, Xiaoting and Taipale, Jussi and Hughes, Timothy R and Weirauch, Matthew T},
  journal   = {Cell},
  number    = {4},
  pages     = {650--665},
  publisher = {Elsevier},
  title     = {The human transcription factors},
  volume    = {172},
  year      = {2018}
}


@article{langfelder2008wgcna,
  author    = {Langfelder, Peter and Horvath, Steve},
  journal   = {BMC bioinformatics},
  pages     = {1--13},
  publisher = {Springer},
  title     = {WGCNA: an R package for weighted correlation network analysis},
  volume    = {9},
  year      = {2008}
}


@article{le2016fast,
  author    = {Le, Thuc Duy and Hoang, Tao and Li, Jiuyong and Liu, Lin and Liu, Huawen and Hu, Shu},
  journal   = {IEEE/ACM transactions on computational biology and bioinformatics},
  number    = {5},
  pages     = {1483--1495},
  publisher = {IEEE},
  title     = {A fast PC algorithm for high dimensional causal discovery with multi-core PCs},
  volume    = {16},
  year      = {2016}
}


@article{leung2022unconfoundedness,
  author  = {Leung, Michael P and Loupos, Pantelis},
  journal = {arXiv preprint arXiv:2211.07823},
  title   = {Unconfoundedness with network interference},
  year    = {2022}
}


@article{levine2015data,
  author    = {Levine, Jacob H and Simonds, Erin F and Bendall, Sean C and Davis, Kara L and El-ad, D Amir and Tadmor, Michelle D and Litvin, Oren and Fienberg, Harris G and Jager, Astraea and Zunder, Eli R and others},
  journal   = {Cell},
  number    = {1},
  pages     = {184--197},
  publisher = {Elsevier},
  title     = {Data-driven phenotypic dissection of AML reveals progenitor-like cells that correlate with prognosis},
  volume    = {162},
  year      = {2015}
}



@article{li2020distance,
  author  = {Li, Pan and Wang, Yanbang and Wang, Hongwei and Leskovec, Jure},
  journal = {Advances in Neural Information Processing Systems},
  pages   = {4465--4478},
  title   = {Distance encoding: Design provably more powerful neural networks for graph representation learning},
  volume  = {33},
  year    = {2020}
}


@article{li2023single,
  author    = {Li, Lin and Xia, Rui and Chen, Wei and Zhao, Qi and Tao, Peng and Chen, Luonan},
  journal   = {Briefings in Bioinformatics},
  number    = {5},
  pages     = {bbad281},
  publisher = {Oxford University Press},
  title     = {Single-cell causal network inferred by cross-mapping entropy},
  volume    = {24},
  year      = {2023}
}


@article{liang2016information,
  author    = {Liang, X San},
  journal   = {Physical Review E},
  number    = {5},
  pages     = {052201},
  publisher = {APS},
  title     = {Information flow and causality as rigorous notions ab initio},
  volume    = {94},
  year      = {2016}
}


@article{lin2024towards,
  author    = {Lin, Tianqianjin and Song, Kaisong and Jiang, Zhuoren and Kang, Yangyang and Yuan, Weikang and Li, Xurui and Sun, Changlong and Huang, Cui and Liu, Xiaozhong},
  journal   = {Information Processing \& Management},
  number    = {2},
  pages     = {103600},
  publisher = {Elsevier},
  title     = {Towards human-like perception: Learning structural causal model in heterogeneous graph},
  volume    = {61},
  year      = {2024}
}


@article{linusson2023greedy,
  author    = {Linusson, Svante and Restadh, Petter and Solus, Liam},
  journal   = {SIAM Journal on Discrete Mathematics},
  number    = {1},
  pages     = {233--252},
  publisher = {SIAM},
  title     = {Greedy causal discovery is geometric},
  volume    = {37},
  year      = {2023}
}


@article{liu2016inference,
  author    = {Liu, Fei and Zhang, Shao-Wu and Guo, Wei-Feng and Wei, Ze-Gang and Chen, Luonan},
  journal   = {PLoS computational biology},
  number    = {8},
  pages     = {e1005024},
  publisher = {Public Library of Science San Francisco, CA USA},
  title     = {Inference of gene regulatory network based on local Bayesian networks},
  volume    = {12},
  year      = {2016}
}


@inproceedings{liu2022heterogeneous,
  author       = {Liu, Yue and Zhang, Junfeng and Wang, Shulin and Zhang, Wei and Zeng, Xiangxiang and Kwoh, Chee Keong},
  booktitle    = {2022 IEEE international conference on bioinformatics and biomedicine (BIBM)},
  organization = {IEEE},
  pages        = {270--275},
  title        = {A heterogeneous graph cross-omics attention model for single-cell representation learning},
  year         = {2022}
}


@article{liu2024general,
  author  = {Liu, Richard and Williams, Nicholas T and Rudolph, Kara E and D{\'\i}az, Iv{\'a}n},
  journal = {arXiv preprint arXiv:2408.14620},
  title   = {General targeted machine learning for modern causal mediation analysis},
  year    = {2024}
}


@article{luecken2019current,
  author  = {Luecken, Malte D and Theis, Fabian J},
  journal = {Molecular systems biology},
  number  = {6},
  pages   = {e8746},
  title   = {Current best practices in single-cell RNA-seq analysis: a tutorial},
  volume  = {15},
  year    = {2019}
}


@article{luo2021topology,
  author    = {Luo, Zixiang and Xu, Chenyu and Zhang, Zhen and Jin, Wenfei},
  journal   = {Scientific reports},
  number    = {1},
  pages     = {20028},
  publisher = {Nature Publishing Group UK London},
  title     = {A topology-preserving dimensionality reduction method for single-cell RNA-seq data using graph autoencoder},
  volume    = {11},
  year      = {2021}
}


@article{ma2021deepmaps,
  author    = {Ma, Anjun and Wang, Xiaoying and Wang, Cankun and Li, Jingxian and Xiao, Tong and Wang, Juexing and Li, Yang and Liu, Yuntao and Chang, Yuzhou and Wang, Duolin and others},
  journal   = {Biorxiv},
  pages     = {2021--10},
  publisher = {Cold Spring Harbor Laboratory},
  title     = {Deepmaps: Single-cell biological network inference using heterogeneous graph transformer},
  year      = {2021}
}


@article{ma2023single,
  author    = {Ma, Anjun and Wang, Xiaoying and Li, Jingxian and Wang, Cankun and Xiao, Tong and Liu, Yuntao and Cheng, Hao and Wang, Juexin and Li, Yang and Chang, Yuzhou and others},
  journal   = {Nature Communications},
  number    = {1},
  pages     = {964},
  publisher = {Nature Publishing Group UK London},
  title     = {Single-cell biological network inference using a heterogeneous graph transformer},
  volume    = {14},
  year      = {2023}
}


@article{maathuis2010predicting,
  author    = {Maathuis, Marloes H and Colombo, Diego and Kalisch, Markus and B{\"u}hlmann, Peter},
  journal   = {Nature methods},
  number    = {4},
  pages     = {247--248},
  publisher = {Nature Publishing Group US New York},
  title     = {Predicting causal effects in large-scale systems from observational data},
  volume    = {7},
  year      = {2010}
}


@article{mao2022reconstructing,
  author    = {Mao, Guo and Zeng, Ruigeng and Peng, Jintao and Zuo, Ke and Pang, Zhengbin and Liu, Jie},
  journal   = {BMC bioinformatics},
  number    = {1},
  pages     = {503},
  publisher = {Springer},
  title     = {Reconstructing gene regulatory networks of biological function using differential equations of multilayer perceptrons},
  volume    = {23},
  year      = {2022}
}



@article{micheli2009neural,
  author    = {Micheli, Alessio},
  journal   = {IEEE Transactions on Neural Networks},
  number    = {3},
  pages     = {498--511},
  publisher = {IEEE},
  title     = {Neural network for graphs: A contextual constructive approach},
  volume    = {20},
  year      = {2009}
}


@article{mitrovic2020representation,
  author  = {Mitrovic, Jovana and McWilliams, Brian and Walker, Jacob and Buesing, Lars and Blundell, Charles},
  journal = {arXiv preprint arXiv:2010.07922},
  title   = {Representation learning via invariant causal mechanisms},
  year    = {2020}
}


@article{mnih2013playing,
  author  = {Mnih, Volodymyr},
  journal = {arXiv preprint arXiv:1312.5602},
  title   = {Playing atari with deep reinforcement learning},
  year    = {2013}
}


@article{moerman2019grnboost2,
  author    = {Moerman, Thomas and Aibar Santos, Sara and Bravo Gonz{\'a}lez-Blas, Carmen and Simm, Jaak and Moreau, Yves and Aerts, Jan and Aerts, Stein},
  journal   = {Bioinformatics},
  number    = {12},
  pages     = {2159--2161},
  publisher = {Oxford University Press},
  title     = {GRNBoost2 and Arboreto: efficient and scalable inference of gene regulatory networks},
  volume    = {35},
  year      = {2019}
}


@book{morgan2015counterfactuals,
  author    = {Morgan, SL},
  publisher = {Cambridge University Press},
  title     = {Counterfactuals and causal inference},
  year      = {2015}
}


@inproceedings{morris2019weisfeiler,
  author    = {Morris, Christopher and Ritzert, Martin and Fey, Matthias and Hamilton, William L and Lenssen, Jan Eric and Rattan, Gaurav and Grohe, Martin},
  booktitle = {Proceedings of the AAAI conference on artificial intelligence},
  number    = {01},
  pages     = {4602--4609},
  title     = {Weisfeiler and leman go neural: Higher-order graph neural networks},
  volume    = {33},
  year      = {2019}
}


@article{nguyen2023causal,
  author      = {Nguyen, Trang and Tong, Alexander and Madan, Kanika and Bengio, Yoshua and Liu, Dianbo},
  bdsk-file-1 = {YnBsaXN0MDDSAQIDBFxyZWxhdGl2ZVBhdGhYYm9va21hcmtfEGRDYXVzYWwgSW5mZXJlbmNlIGluIEdlbmUgUmVndWxhdG9yeSBOZXR3b3JrcyB3aXRoIEdGbG93TmV0LSBUb3dhcmRzIFNjYWxhYmlsaXR5IGluIExhcmdlIFN5c3RlbXMucGRmTxEEaGJvb2toBAAAAAAEEDAAAAAAAAAAAAAAAAAAAAAAAAAAAAAAAAAAAAAAAAAAAAAAAGQDAAAFAAAAAQEAAFVzZXJzAAAABgAAAAEBAAB3YWthbGEAAAcAAAABAQAARGVza3RvcAAGAAAAAQEAAENhdXNhbAAAZAAAAAEBAABDYXVzYWwgSW5mZXJlbmNlIGluIEdlbmUgUmVndWxhdG9yeSBOZXR3b3JrcyB3aXRoIEdGbG93TmV0LSBUb3dhcmRzIFNjYWxhYmlsaXR5IGluIExhcmdlIFN5c3RlbXMucGRmFAAAAAEGAAAEAAAAFAAAACQAAAA0AAAARAAAAAgAAAAEAwAA61wAAAAAAAAIAAAABAMAAHWIFQAAAAAACAAAAAQDAAB6iBUAAAAAAAgAAAAEAwAAgmsCBgAAAAAIAAAABAMAAG3/DgYAAAAAFAAAAAEGAADMAAAA3AAAAOwAAAD8AAAADAEAAAgAAAAABAAAQcY+9pp5b4cYAAAAAQIAAAEAAAAAAAAADwAAAAAAAAAAAAAAAAAAAAgAAAAEAwAAAwAAAAAAAAAEAAAAAwMAAPUBAAAIAAAAAQkAAGZpbGU6Ly8vDAAAAAEBAABNYWNpbnRvc2ggSEQIAAAABAMAAACQgpbnAAAACAAAAAAEAABBxi/IBoAAACQAAAABAQAAODdFQ0YwQjMtMTVFRi00Qjg5LUJCNkEtRkE2RTk0MTYxMkY0GAAAAAECAACBAAAAAQAAAO8TAAABAAAAAAAAAAAAAAABAAAAAQEAAC8AAAAAAAAAAQUAADMBAAABAgAAZjFkYzBlNDA1YTg4YjAzZTQ3YmRhZmE4ZjhhZjdiMTI3OWUwODhiYWM5NTlkM2RiODgxYmQyOGIyM2I1OTBhYjswMDswMDAwMDAwMDswMDAwMDAwMDswMDAwMDAwMDswMDAwMDAwMDAwMDAwMDIwO2NvbS5hcHBsZS5hcHAtc2FuZGJveC5yZWFkLXdyaXRlOzAxOzAxMDAwMDExOzAwMDAwMDAwMDYwZWZmNmQ7NDA7L3VzZXJzL3dha2FsYS9kZXNrdG9wL2NhdXNhbC9jYXVzYWwgaW5mZXJlbmNlIGluIGdlbmUgcmVndWxhdG9yeSBuZXR3b3JrcyB3aXRoIGdmbG93bmV0LSB0b3dhcmRzIHNjYWxhYmlsaXR5IGluIGxhcmdlIHN5c3RlbXMucGRmAADMAAAA/v///wEAAAAAAAAAEAAAAAQQAACwAAAAAAAAAAUQAAAcAQAAAAAAABAQAABIAQAAAAAAAEAQAAA4AQAAAAAAAAIgAAAUAgAAAAAAAAUgAACEAQAAAAAAABAgAACUAQAAAAAAABEgAADIAQAAAAAAABIgAACoAQAAAAAAABMgAAC4AQAAAAAAACAgAAD0AQAAAAAAADAgAAAgAgAAAAAAAAHAAABoAQAAAAAAABHAAAAUAAAAAAAAABLAAAB4AQAAAAAAAIDwAAAoAgAAAAAAAAAIAA0AGgAjAIoAAAAAAAACAQAAAAAAAAAFAAAAAAAAAAAAAAAAAAAE9g==},
  journal     = {arXiv preprint arXiv:2310.03579},
  title       = {Causal Inference in Gene Regulatory Networks with GFlowNet: Towards Scalability in Large Systems},
  year        = {2023}
}


@article{nguyen2023novel,
  author    = {Nguyen, Tuan-Minh and Craig, Douglas B and Tran, Duc and Nguyen, Tin and Draghici, Sorin},
  journal   = {Scientific Reports},
  number    = {1},
  pages     = {18571},
  publisher = {Nature Publishing Group UK London},
  title     = {A novel approach for predicting upstream regulators (PURE) that affect gene expression},
  volume    = {13},
  year      = {2023}
}


@article{nogueira2022methods,
  author    = {Nogueira, Ana Rita and Pugnana, Andrea and Ruggieri, Salvatore and Pedreschi, Dino and Gama, Jo{\~a}o},
  journal   = {Wiley interdisciplinary reviews: data mining and knowledge discovery},
  number    = {2},
  pages     = {e1449},
  publisher = {Wiley Online Library},
  title     = {Methods and tools for causal discovery and causal inference},
  volume    = {12},
  year      = {2022}
}


@article{pan2018adversarially,
  author  = {Pan, Shirui and Hu, Ruiqi and Long, Guodong and Jiang, Jing and Yao, Lina and Zhang, Chengqi},
  journal = {arXiv preprint arXiv:1802.04407},
  title   = {Adversarially regularized graph autoencoder for graph embedding},
  year    = {2018}
}


@article{papalexi2018single,
  author    = {Papalexi, Efthymia and Satija, Rahul},
  journal   = {Nature Reviews Immunology},
  number    = {1},
  pages     = {35--45},
  publisher = {Nature Publishing Group UK London},
  title     = {Single-cell RNA sequencing to explore immune cell heterogeneity},
  volume    = {18},
  year      = {2018}
}


@article{papalexi2021characterizing,
  author    = {Papalexi, Efthymia and Mimitou, Eleni P and Butler, Andrew W and Foster, Samantha and Bracken, Bernadette and Mauck III, William M and Wessels, Hans-Hermann and Hao, Yuhan and Yeung, Bertrand Z and Smibert, Peter and others},
  journal   = {Nature genetics},
  number    = {3},
  pages     = {322--331},
  publisher = {Nature Publishing Group US New York},
  title     = {Characterizing the molecular regulation of inhibitory immune checkpoints with multimodal single-cell screens},
  volume    = {53},
  year      = {2021}
}


@article{park2020causal,
  author    = {Park, Sung Bae and Hwang, Ki-Tae and Chung, Chun Kee and Roy, Deodutta and Yoo, Changwon},
  journal   = {Clinical \& Experimental Metastasis},
  pages     = {657--674},
  publisher = {Springer},
  title     = {Causal Bayesian gene networks associated with bone, brain and lung metastasis of breast cancer},
  volume    = {37},
  year      = {2020}
}


@article{pawlowski2020deep,
  author  = {Pawlowski, Nick and Coelho de Castro, Daniel and Glocker, Ben},
  journal = {Advances in neural information processing systems},
  pages   = {857--869},
  title   = {Deep structural causal models for tractable counterfactual inference},
  volume  = {33},
  year    = {2020}
}


@article{pawlowski2020deep,
  author  = {Pawlowski, Nick and Coelho de Castro, Daniel and Glocker, Ben},
  journal = {Advances in neural information processing systems},
  pages   = {857--869},
  title   = {Deep structural causal models for tractable counterfactual inference},
  volume  = {33},
  year    = {2020}
}


@article{pearl1995causal,
  author    = {Pearl, Judea},
  journal   = {Biometrika},
  number    = {4},
  pages     = {669--688},
  publisher = {Oxford University Press},
  title     = {Causal diagrams for empirical research},
  volume    = {82},
  year      = {1995}
}


@article{pearl2009causal,
  author = {Pearl, Judea},
  title  = {Causal inference in statistics: An overview},
  year   = {2009}
}


@article{pearl2012causal,
  author  = {Pearl, Judea},
  journal = {Handbook of structural equation modeling},
  pages   = {68--91},
  title   = {The causal foundations of structural equation modeling},
  year    = {2012}
}


@book{pearl2018book,
  author    = {Pearl, Judea and Mackenzie, Dana},
  publisher = {Basic books},
  title     = {The book of why: the new science of cause and effect},
  year      = {2018}
}


@article{qiu2017reversed,
  author    = {Qiu, Xiaojie and Mao, Qi and Tang, Ying and Wang, Li and Chawla, Raghav and Pliner, Hannah A and Trapnell, Cole},
  journal   = {Nature methods},
  number    = {10},
  pages     = {979--982},
  publisher = {Nature Publishing Group UK London},
  title     = {Reversed graph embedding resolves complex single-cell trajectories},
  volume    = {14},
  year      = {2017}
}


@article{qiu2020inferring,
  author    = {Qiu, Xiaojie and Rahimzamani, Arman and Wang, Li and Ren, Bingcheng and Mao, Qi and Durham, Timothy and McFaline-Figueroa, Jos{\'e} L and Saunders, Lauren and Trapnell, Cole and Kannan, Sreeram},
  journal   = {Cell systems},
  number    = {3},
  pages     = {265--274},
  publisher = {Elsevier},
  title     = {Inferring causal gene regulatory networks from coupled single-cell expression dynamics using scribe},
  volume    = {10},
  year      = {2020}
}

@article{ramsey2017million,
  author    = {Ramsey, Joseph and Glymour, Madelyn and Sanchez-Romero, Ruben and Glymour, Clark},
  journal   = {International journal of data science and analytics},
  pages     = {121--129},
  publisher = {Springer},
  title     = {A million variables and more: the fast greedy equivalence search algorithm for learning high-dimensional graphical causal models, with an application to functional magnetic resonance images},
  volume    = {3},
  year      = {2017}
}


@article{rao2014protein,
  author    = {Rao, V Srinivasa and Srinivas, K and Sujini, GN and Kumar, GN Sunand},
  journal   = {International journal of proteomics},
  number    = {1},
  pages     = {147648},
  publisher = {Wiley Online Library},
  title     = {Protein-protein interaction detection: methods and analysis},
  volume    = {2014},
  year      = {2014}
}


@incollection{rosenbaum2023propensity,
  author    = {Rosenbaum, Paul R},
  booktitle = {Handbook of matching and weighting adjustments for causal inference},
  pages     = {21--38},
  publisher = {Chapman and Hall/CRC},
  title     = {Propensity score},
  year      = {2023}
}


@article{ruan2010general,
  author    = {Ruan, Jianhua and Dean, Angela K and Zhang, Weixiong},
  journal   = {BMC systems biology},
  pages     = {1--21},
  publisher = {Springer},
  title     = {A general co-expression network-based approach to gene expression analysis: comparison and applications},
  volume    = {4},
  year      = {2010}
}


@article{rubin1974estimating,
  author    = {Rubin, Donald B},
  journal   = {Journal of educational Psychology},
  number    = {5},
  pages     = {688},
  publisher = {American Psychological Association},
  title     = {Estimating causal effects of treatments in randomized and nonrandomized studies.},
  volume    = {66},
  year      = {1974}
}


@article{saccenti2020corruption,
  author    = {Saccenti, Edoardo and Hendriks, Margriet HWB and Smilde, Age K},
  journal   = {Scientific reports},
  number    = {1},
  pages     = {438},
  publisher = {Nature Publishing Group UK London},
  title     = {Corruption of the Pearson correlation coefficient by measurement error and its estimation, bias, and correction under different error models},
  volume    = {10},
  year      = {2020}
}


@article{sajons2020estimating,
  author    = {Sajons, Gwendolin B},
  journal   = {The Leadership Quarterly},
  number    = {5},
  pages     = {101348},
  publisher = {Elsevier},
  title     = {Estimating the causal effect of measured endogenous variables: A tutorial on experimentally randomized instrumental variables},
  volume    = {31},
  year      = {2020}
}


@article{salleh2015reconstructing,
  author    = {Salleh, Faridah Hani Mohamed and Arif, Shereena Mohd and Zainudin, Suhaila and Firdaus-Raih, Mohd},
  journal   = {Computational biology and chemistry},
  pages     = {3--14},
  publisher = {Elsevier},
  title     = {Reconstructing gene regulatory networks from knock-out data using Gaussian Noise Model and Pearson Correlation Coefficient},
  volume    = {59},
  year      = {2015}
}


@article{sanchez2018bayesian,
  author    = {Sanchez-Castillo, Manuel and Blanco, David and Tienda-Luna, Isabel M and Carrion, MC and Huang, Yufei},
  journal   = {Bioinformatics},
  number    = {6},
  pages     = {964--970},
  publisher = {Oxford University Press},
  title     = {A Bayesian framework for the inference of gene regulatory networks from time and pseudo-time series data},
  volume    = {34},
  year      = {2018}
}


@article{sanderson2022mendelian,
  author    = {Sanderson, Eleanor and Glymour, M Maria and Holmes, Michael V and Kang, Hyunseung and Morrison, Jean and Munaf{\`o}, Marcus R and Palmer, Tom and Schooling, C Mary and Wallace, Chris and Zhao, Qingyuan and others},
  journal   = {Nature Reviews Methods Primers},
  number    = {1},
  pages     = {6},
  publisher = {Nature Publishing Group UK London},
  title     = {Mendelian randomization},
  volume    = {2},
  year      = {2022}
}


@inproceedings{sato2021random,
  author       = {Sato, Ryoma and Yamada, Makoto and Kashima, Hisashi},
  booktitle    = {Proceedings of the 2021 SIAM international conference on data mining (SDM)},
  organization = {SIAM},
  pages        = {333--341},
  title        = {Random features strengthen graph neural networks},
  year         = {2021}
}


@article{sauka2008gene,
  author    = {Sauka-Spengler, Tatjana and Bronner-Fraser, Marianne},
  journal   = {Nature reviews Molecular cell biology},
  number    = {7},
  pages     = {557--568},
  publisher = {Nature Publishing Group UK London},
  title     = {A gene regulatory network orchestrates neural crest formation},
  volume    = {9},
  year      = {2008}
}


@article{scarselli2008graph,
  author    = {Scarselli, Franco and Gori, Marco and Tsoi, Ah Chung and Hagenbuchner, Markus and Monfardini, Gabriele},
  journal   = {IEEE transactions on neural networks},
  number    = {1},
  pages     = {61--80},
  publisher = {IEEE},
  title     = {The graph neural network model},
  volume    = {20},
  year      = {2008}
}


@article{scholkopf2012causal,
  author  = {Sch{\"o}lkopf, Bernhard and Janzing, Dominik and Peters, Jonas and Sgouritsa, Eleni and Zhang, Kun and Mooij, Joris},
  journal = {arXiv preprint arXiv:1206.6471},
  title   = {On causal and anticausal learning},
  year    = {2012}
}


@article{schwab2019cxplain,
  author  = {Schwab, Patrick and Karlen, Walter},
  journal = {Advances in neural information processing systems},
  title   = {Cxplain: Causal explanations for model interpretation under uncertainty},
  volume  = {32},
  year    = {2019}
}

@article{scutari2009learning,
  author  = {Scutari, Marco},
  journal = {arXiv preprint arXiv:0908.3817},
  title   = {Learning Bayesian networks with the bnlearn R package},
  year    = {2009}
}

@article{scutari2009learning,
  author  = {Scutari, Marco},
  journal = {arXiv preprint arXiv:0908.3817},
  title   = {Learning Bayesian networks with the bnlearn R package},
  year    = {2009}
}


@article{shan2023glae,
  author    = {Shan, Yixiang and Yang, Jielong and Li, Xiangtao and Zhong, Xionghu and Chang, Yi},
  journal   = {Information Sciences},
  pages     = {88--103},
  publisher = {Elsevier},
  title     = {GLAE: A graph-learnable auto-encoder for single-cell RNA-seq analysis},
  volume    = {621},
  year      = {2023}
}


@article{shannon1948mathematical,
  author    = {Shannon, Claude Elwood},
  journal   = {The Bell system technical journal},
  number    = {3},
  pages     = {379--423},
  publisher = {Nokia Bell Labs},
  title     = {A mathematical theory of communication},
  volume    = {27},
  year      = {1948}
}


@article{shao2020reference,
  author    = {Shao, Xin and Yang, Haihong and Zhuang, Xiang and Liao, Jie and Yang, Yueren and Yang, Penghui and Cheng, Junyun and Lu, Xiaoyan and Chen, Huajun and Fan, Xiaohui},
  journal   = {bioRxiv},
  pages     = {2020--05},
  publisher = {Cold Spring Harbor Laboratory},
  title     = {Reference-free cell-type annotation for single-cell transcriptomics using deep learning with a weighted graph neural network},
  year      = {2020}
}


@article{shu2021modeling,
  author    = {Shu, Hantao and Zhou, Jingtian and Lian, Qiuyu and Li, Han and Zhao, Dan and Zeng, Jianyang and Ma, Jianzhu},
  journal   = {Nature Computational Science},
  number    = {7},
  pages     = {491--501},
  publisher = {Nature Publishing Group US New York},
  title     = {Modeling gene regulatory networks using neural network architectures},
  volume    = {1},
  year      = {2021}
}


@article{si2023enhancing,
  author    = {Si, Zihua and Sun, Zhongxiang and Zhang, Xiao and Xu, Jun and Song, Yang and Zang, Xiaoxue and Wen, Ji-Rong},
  journal   = {ACM Transactions on Information Systems},
  number    = {4},
  pages     = {1--31},
  publisher = {ACM New York, NY},
  title     = {Enhancing recommendation with search data in a causal learning manner},
  volume    = {41},
  year      = {2023}
}


@article{so2023graphcomm,
  author    = {So, Emily and Hayat, Sikander and Kadambat Nair, Sisira and Wang, Bo and Haibe-Kains, Benjamin},
  journal   = {bioRxiv},
  pages     = {2023--04},
  publisher = {Cold Spring Harbor Laboratory},
  title     = {GraphComm: a graph-based deep learning method to predict cell-cell communication in single-cell RNAseq data},
  year      = {2023}
}


@article{song2012comparison,
  author    = {Song, Lin and Langfelder, Peter and Horvath, Steve},
  journal   = {BMC bioinformatics},
  pages     = {1--21},
  publisher = {Springer},
  title     = {Comparison of co-expression measures: mutual information, correlation, and model based indices},
  volume    = {13},
  year      = {2012}
}


@article{spirtes1991algorithm,
  author    = {Spirtes, Peter and Glymour, Clark},
  journal   = {Social science computer review},
  number    = {1},
  pages     = {62--72},
  publisher = {Sage Publications Sage CA: Thousand Oaks, CA},
  title     = {An algorithm for fast recovery of sparse causal graphs},
  volume    = {9},
  year      = {1991}
}


@book{spirtes2001causation,
  author    = {Spirtes, Peter and Glymour, Clark and Scheines, Richard},
  publisher = {MIT press},
  title     = {Causation, prediction, and search},
  year      = {2001}
}


@article{spitz2012transcription,
  author    = {Spitz, Fran{\c{c}}ois and Furlong, Eileen EM},
  journal   = {Nature reviews genetics},
  number    = {9},
  pages     = {613--626},
  publisher = {Nature Publishing Group UK London},
  title     = {Transcription factors: from enhancer binding to developmental control},
  volume    = {13},
  year      = {2012}
}


@article{srivatsan2020massively,
  author    = {Srivatsan, Sanjay R and McFaline-Figueroa, Jos{\'e} L and Ramani, Vijay and Saunders, Lauren and Cao, Junyue and Packer, Jonathan and Pliner, Hannah A and Jackson, Dana L and Daza, Riza M and Christiansen, Lena and others},
  journal   = {Science},
  number    = {6473},
  pages     = {45--51},
  publisher = {American Association for the Advancement of Science},
  title     = {Massively multiplex chemical transcriptomics at single-cell resolution},
  volume    = {367},
  year      = {2020}
}


@article{tan2020pallas,
  author    = {Tan, Yukun and Neto, Fernando B Lima and Neto, Ulisses Braga},
  journal   = {IEEE/ACM Transactions on Computational Biology and Bioinformatics},
  number    = {3},
  pages     = {1807--1816},
  publisher = {IEEE},
  title     = {Pallas: Penalized maximum likelihood and particle swarms for inference of gene regulatory networks from time series data},
  volume    = {19},
  year      = {2020}
}


@article{tang2015unique,
  author    = {Tang, Walfred WC and Dietmann, Sabine and Irie, Naoko and Leitch, Harry G and Floros, Vasileios I and Bradshaw, Charles R and Hackett, Jamie A and Chinnery, Patrick F and Surani, M Azim},
  journal   = {Cell},
  number    = {6},
  pages     = {1453--1467},
  publisher = {Elsevier},
  title     = {A unique gene regulatory network resets the human germline epigenome for development},
  volume    = {161},
  year      = {2015}
}


@article{tang2023spaci,
  author    = {Tang, Ziyang and Zhang, Tonglin and Yang, Baijian and Su, Jing and Song, Qianqian},
  journal   = {Briefings in Bioinformatics},
  number    = {1},
  pages     = {bbac563},
  publisher = {Oxford University Press},
  title     = {spaCI: deciphering spatial cellular communications through adaptive graph model},
  volume    = {24},
  year      = {2023}
}


@article{tellez2016tumour,
  author    = {Tellez-Gabriel, Marta and Ory, Benjamin and Lamoureux, Francois and Heymann, Marie-Francoise and Heymann, Dominique},
  journal   = {International journal of molecular sciences},
  number    = {12},
  pages     = {2142},
  publisher = {MDPI},
  title     = {Tumour heterogeneity: the key advantages of single-cell analysis},
  volume    = {17},
  year      = {2016}
}


@incollection{tessler2022multivariate,
  author    = {Tessler, Mark},
  booktitle = {Social Science Research in the Arab World and Beyond: A Guide for Students, Instructors and Researchers},
  pages     = {87--133},
  publisher = {Springer},
  title     = {Multivariate Analysis: Causation, Control, and Conditionality},
  year      = {2022}
}


@article{thomas1973boolean,
  author    = {Thomas, Ren{\'e}},
  journal   = {Journal of theoretical biology},
  number    = {3},
  pages     = {563--585},
  publisher = {Elsevier},
  title     = {Boolean formalization of genetic control circuits},
  volume    = {42},
  year      = {1973}
}


@article{tjaden2006approach,
  author    = {Tjaden, Brian},
  journal   = {Bmc Bioinformatics},
  pages     = {1--15},
  publisher = {Springer},
  title     = {An approach for clustering gene expression data with error information},
  volume    = {7},
  year      = {2006}
}

@article{tran2022scremote,
  author    = {Tran, Andy and Yang, Pengyi and Yang, Jean YH and Ormerod, John T},
  journal   = {NAR genomics and bioinformatics},
  number    = {1},
  pages     = {lqac023},
  publisher = {Oxford University Press},
  title     = {scREMOTE: Using multimodal single cell data to predict regulatory gene relationships and to build a computational cell reprogramming model},
  volume    = {4},
  year      = {2022}
}


@article{uhler2022machine,
  author    = {Uhler, Caroline and Shivashankar, GV},
  journal   = {Proceedings of the IEEE},
  number    = {5},
  pages     = {557--576},
  publisher = {IEEE},
  title     = {Machine learning approaches to single-cell data integration and translation},
  volume    = {110},
  year      = {2022}
}


@article{van2018recovering,
  author    = {Van Dijk, David and Sharma, Roshan and Nainys, Juozas and Yim, Kristina and Kathail, Pooja and Carr, Ambrose J and Burdziak, Cassandra and Moon, Kevin R and Chaffer, Christine L and Pattabiraman, Diwakar and others},
  journal   = {Cell},
  number    = {3},
  pages     = {716--729},
  publisher = {Elsevier},
  title     = {Recovering gene interactions from single-cell data using data diffusion},
  volume    = {174},
  year      = {2018}
}


@article{van2020scalable,
  author    = {Van de Sande, Bram and Flerin, Christopher and Davie, Kristofer and De Waegeneer, Maxime and Hulselmans, Gert and Aibar, Sara and Seurinck, Ruth and Saelens, Wouter and Cannoodt, Robrecht and Rouchon, Quentin and others},
  journal   = {Nature protocols},
  number    = {7},
  pages     = {2247--2276},
  publisher = {Nature Publishing Group UK London},
  title     = {A scalable SCENIC workflow for single-cell gene regulatory network analysis},
  volume    = {15},
  year      = {2020}
}


@article{vanderweele2013definition,
  author    = {VanderWeele, Tyler J and Shpitser, Ilya},
  journal   = {Annals of statistics},
  number    = {1},
  pages     = {196},
  publisher = {NIH Public Access},
  title     = {On the definition of a confounder},
  volume    = {41},
  year      = {2013}
}


@article{vaswani2017attention,
  author  = {Vaswani, A},
  journal = {Advances in Neural Information Processing Systems},
  title   = {Attention is all you need},
  year    = {2017}
}


@article{velivckovic2017graph,
  author  = {Veli{\v{c}}kovi{\'c}, Petar and Cucurull, Guillem and Casanova, Arantxa and Romero, Adriana and Lio, Pietro and Bengio, Yoshua},
  journal = {arXiv preprint arXiv:1710.10903},
  title   = {Graph attention networks},
  year    = {2017}
}


@article{velivckovic2022message,
  author  = {Veli{\v{c}}kovi{\'c}, Petar},
  journal = {arXiv preprint arXiv:2202.11097},
  title   = {Message passing all the way up},
  year    = {2022}
}


@article{villa2013structure,
  author    = {Villa-Vialaneix, Nathalie and Liaubet, Laurence and Laurent, Thibault and Cherel, Pierre and Gamot, Adrien and SanCristobal, Magali},
  journal   = {PloS one},
  number    = {4},
  pages     = {e60045},
  publisher = {Public Library of Science San Francisco, USA},
  title     = {The structure of a gene co-expression network reveals biological functions underlying eQTLs},
  volume    = {8},
  year      = {2013}
}


@inproceedings{waldmann2022bayesian,
  author       = {Waldmann, Michael R and Martignon, Laura},
  booktitle    = {Proceedings of the twentieth annual conference of the Cognitive Science Society},
  organization = {Routledge},
  pages        = {1102--1107},
  title        = {A Bayesian network model of causal learning},
  year         = {2022}
}


@article{wang2018network,
  author    = {Wang, Bo and Pourshafeie, Armin and Zitnik, Marinka and Zhu, Junjie and Bustamante, Carlos D and Batzoglou, Serafim and Leskovec, Jure},
  journal   = {Nature communications},
  number    = {1},
  pages     = {3108},
  publisher = {Nature Publishing Group UK London},
  title     = {Network enhancement as a general method to denoise weighted biological networks},
  volume    = {9},
  year      = {2018}
}


@article{wang2019high,
  author    = {Wang, Lingfei and Audenaert, Pieter and Michoel, Tom},
  journal   = {Frontiers in genetics},
  pages     = {1196},
  publisher = {Frontiers Media SA},
  title     = {High-dimensional Bayesian network inference from systems genetics data using genetic node ordering},
  volume    = {10},
  year      = {2019}
}


@article{wang2020inductive,
  author    = {Wang, Juexin and Ma, Anjun and Ma, Qin and Xu, Dong and Joshi, Trupti},
  journal   = {Computational and structural biotechnology journal},
  pages     = {3335--3343},
  publisher = {Elsevier},
  title     = {Inductive inference of gene regulatory network using supervised and semi-supervised graph neural networks},
  volume    = {18},
  year      = {2020}
}


@article{wang2021scgnn,
  author    = {Wang, Juexin and Ma, Anjun and Chang, Yuzhou and Gong, Jianting and Jiang, Yuexu and Qi, Ren and Wang, Cankun and Fu, Hongjun and Ma, Qin and Xu, Dong},
  journal   = {Nature communications},
  number    = {1},
  pages     = {1882},
  publisher = {Nature Publishing Group UK London},
  title     = {scGNN is a novel graph neural network framework for single-cell RNA-Seq analyses},
  volume    = {12},
  year      = {2021}
}


@article{wang2021single,
  author    = {Wang, Tianyu and Bai, Jun and Nabavi, Sheida},
  journal   = {BMC bioinformatics},
  pages     = {1--23},
  publisher = {Springer},
  title     = {Single-cell classification using graph convolutional networks},
  volume    = {22},
  year      = {2021}
}


@article{wang2023adversarial,
  author    = {Wang, Kangwei and Li, Zhengwei and You, Zhu-Hong and Han, Pengyong and Nie, Ru},
  journal   = {Bioinformatics},
  number    = {2},
  pages     = {btad043},
  publisher = {Oxford University Press},
  title     = {Adversarial dense graph convolutional networks for single-cell classification},
  volume    = {39},
  year      = {2023}
}


@article{wang2023dictys,
  author    = {Wang, Lingfei and Trasanidis, Nikolaos and Wu, Ting and Dong, Guanlan and Hu, Michael and Bauer, Daniel E and Pinello, Luca},
  journal   = {Nature Methods},
  number    = {9},
  pages     = {1368--1378},
  publisher = {Nature Publishing Group US New York},
  title     = {Dictys: dynamic gene regulatory network dissects developmental continuum with single-cell multiomics},
  volume    = {20},
  year      = {2023}
}


@article{wang2023gene,
  author    = {Wang, Qian and Guo, Maozu and Chen, Jian and Duan, Ran},
  journal   = {BMC bioinformatics},
  number    = {1},
  pages     = {163},
  publisher = {Springer},
  title     = {A gene regulatory network inference model based on pseudo-siamese network},
  volume    = {24},
  year      = {2023}
}


@article{wang2023scasgc,
  author    = {Wang, Shudong and Zhang, Yu and Zhang, Yulin and Wu, Wenhao and Ye, Lan and Li, YunYin and Su, Jionglong and Pang, Shanchen},
  journal   = {Computers in Biology and Medicine},
  pages     = {107152},
  publisher = {Elsevier},
  title     = {scASGC: An adaptive simplified graph convolution model for clustering single-cell RNA-seq data},
  volume    = {163},
  year      = {2023}
}


@article{wang2025diffusion,
  author    = {Wang, Chuanyuan and Liu, Zhi-Ping},
  journal   = {Genome Research},
  number    = {2},
  pages     = {340--354},
  publisher = {Cold Spring Harbor Lab},
  title     = {Diffusion-based generation of gene regulatory networks from scRNA-seq data with DigNet},
  volume    = {35},
  year      = {2025}
}


@article{wein2021graph,
  author    = {Wein, Simon and Malloni, Wilhelm M and Tom{\'e}, Ana Maria and Frank, Sebastian M and Henze, G-I and W{\"u}st, Stefan and Greenlee, Mark W and Lang, Elmar W},
  journal   = {Scientific reports},
  number    = {1},
  pages     = {8061},
  publisher = {Nature Publishing Group UK London},
  title     = {A graph neural network framework for causal inference in brain networks},
  volume    = {11},
  year      = {2021}
}


@article{wen2023applying,
  author      = {Wen, Yujian and Huang, Jielong and Guo, Shuhui and Elyahu, Yehezqel and Monsonego, Alon and Zhang, Hai and Ding, Yanqing and Zhu, Hao},
  bdsk-file-1 = {YnBsaXN0MDDSAQIDBFxyZWxhdGl2ZVBhdGhYYm9va21hcmtfEEZBcHBseWluZyBjYXVzYWwgZGlzY292ZXJ5IHRvIHNpbmdsZS1jZWxsIGFuYWx5c2VzIHVzaW5nIENhdXNhbENlbGwucGRmTxEEMGJvb2swBAAAAAAEEDAAAAAAAAAAAAAAAAAAAAAAAAAAAAAAAAAAAAAAAAAAAAAAACwDAAAFAAAAAQEAAFVzZXJzAAAABgAAAAEBAAB3YWthbGEAAAcAAAABAQAARGVza3RvcAAGAAAAAQEAAENhdXNhbAAARgAAAAEBAABBcHBseWluZyBjYXVzYWwgZGlzY292ZXJ5IHRvIHNpbmdsZS1jZWxsIGFuYWx5c2VzIHVzaW5nIENhdXNhbENlbGwucGRmAAAUAAAAAQYAAAQAAAAUAAAAJAAAADQAAABEAAAACAAAAAQDAADrXAAAAAAAAAgAAAAEAwAAdYgVAAAAAAAIAAAABAMAAHqIFQAAAAAACAAAAAQDAACCawIGAAAAAAgAAAAEAwAASm0CBgAAAAAUAAAAAQYAALAAAADAAAAA0AAAAOAAAADwAAAACAAAAAAEAABBxjjKCAsLxBgAAAABAgAAAQAAAAAAAAAPAAAAAAAAAAAAAAAAAAAACAAAAAQDAAADAAAAAAAAAAQAAAADAwAA9QEAAAgAAAABCQAAZmlsZTovLy8MAAAAAQEAAE1hY2ludG9zaCBIRAgAAAAEAwAAAJCClucAAAAIAAAAAAQAAEHGL8gGgAAAJAAAAAEBAAA4N0VDRjBCMy0xNUVGLTRCODktQkI2QS1GQTZFOTQxNjEyRjQYAAAAAQIAAIEAAAABAAAA7xMAAAEAAAAAAAAAAAAAAAEAAAABAQAALwAAAAAAAAABBQAAFQEAAAECAAA5ODg5ZmFhYWJkNWMyYTZhN2U2MzA0NTIxZTE5NDRiMjVlZTczNTJkMDkxMTg2ZmJiNWY1ZDliY2JmNThkZDZiOzAwOzAwMDAwMDAwOzAwMDAwMDAwOzAwMDAwMDAwOzAwMDAwMDAwMDAwMDAwMjA7Y29tLmFwcGxlLmFwcC1zYW5kYm94LnJlYWQtd3JpdGU7MDE7MDEwMDAwMTE7MDAwMDAwMDAwNjAyNmQ0YTs0MDsvdXNlcnMvd2FrYWxhL2Rlc2t0b3AvY2F1c2FsL2FwcGx5aW5nIGNhdXNhbCBkaXNjb3ZlcnkgdG8gc2luZ2xlLWNlbGwgYW5hbHlzZXMgdXNpbmcgY2F1c2FsY2VsbC5wZGYAAAAAzAAAAP7///8BAAAAAAAAABAAAAAEEAAAlAAAAAAAAAAFEAAAAAEAAAAAAAAQEAAALAEAAAAAAABAEAAAHAEAAAAAAAACIAAA+AEAAAAAAAAFIAAAaAEAAAAAAAAQIAAAeAEAAAAAAAARIAAArAEAAAAAAAASIAAAjAEAAAAAAAATIAAAnAEAAAAAAAAgIAAA2AEAAAAAAAAwIAAABAIAAAAAAAABwAAATAEAAAAAAAARwAAAFAAAAAAAAAASwAAAXAEAAAAAAACA8AAADAIAAAAAAAAACAANABoAIwBsAAAAAAAAAgEAAAAAAAAABQAAAAAAAAAAAAAAAAAABKA=},
  journal     = {Elife},
  pages       = {e81464},
  publisher   = {eLife Sciences Publications Limited},
  title       = {Applying causal discovery to single-cell analyses using CausalCell},
  volume      = {12},
  year        = {2023}
}


@article{white2019causal,
  author    = {White, Alex and Vignes, Matthieu},
  journal   = {Gene Regulatory Networks: Methods and Protocols},
  pages     = {111--142},
  publisher = {Springer},
  title     = {Causal queries from observational data in biological systems via Bayesian networks: an empirical study in small networks},
  year      = {2019}
}

@article{wolf2018scanpy,
  author    = {Wolf, F Alexander and Angerer, Philipp and Theis, Fabian J},
  journal   = {Genome biology},
  pages     = {1--5},
  publisher = {Springer},
  title     = {SCANPY: large-scale single-cell gene expression data analysis},
  volume    = {19},
  year      = {2018}
}


@article{xia2021causal,
  author  = {Xia, Kevin and Lee, Kai-Zhan and Bengio, Yoshua and Bareinboim, Elias},
  journal = {Advances in Neural Information Processing Systems},
  pages   = {10823--10836},
  title   = {The causal-neural connection: Expressiveness, learnability, and inference},
  volume  = {34},
  year    = {2021}
}

@article{xia2021causal,
  author  = {Xia, Kevin and Lee, Kai-Zhan and Bengio, Yoshua and Bareinboim, Elias},
  journal = {Advances in Neural Information Processing Systems},
  pages   = {10823--10836},
  title   = {The causal-neural connection: Expressiveness, learnability, and inference},
  volume  = {34},
  year    = {2021}
}

@article{xiao2009tutorial,
  author    = {Xiao, Yufei},
  journal   = {Current genomics},
  number    = {7},
  pages     = {511--525},
  publisher = {Bentham Science Publishers},
  title     = {A tutorial on analysis and simulation of boolean gene regulatory network models},
  volume    = {10},
  year      = {2009}
}


@article{xu2018powerful,
  author  = {Xu, Keyulu and Hu, Weihua and Leskovec, Jure and Jegelka, Stefanie},
  journal = {arXiv preprint arXiv:1810.00826},
  title   = {How powerful are graph neural networks?},
  year    = {2018}
}


@article{xu2021efficient,
  author    = {Xu, Chenyang and Cai, Lei and Gao, Jingyang},
  journal   = {BMC bioinformatics},
  pages     = {1--18},
  publisher = {Springer},
  title     = {An efficient scRNA-seq dropout imputation method using graph attention network},
  volume    = {22},
  year      = {2021}
}


@article{yan2024dynamical,
  author  = {Yan, Jinling and Zhang, Shao-Wu and Zhang, Chihao and Huang, Weitian and Shi, Jifan and Chen, Luonan},
  journal = {arXiv preprint arXiv:2408.05584},
  title   = {Dynamical causality under invisible confounders},
  year    = {2024}
}


@article{yang2019predicting,
  author    = {Yang, Yang and Fang, Qingwei and Shen, Hong-Bin},
  journal   = {PLoS computational biology},
  number    = {9},
  pages     = {e1007324},
  publisher = {Public Library of Science San Francisco, CA USA},
  title     = {Predicting gene regulatory interactions based on spatial gene expression data and deep learning},
  volume    = {15},
  year      = {2019}
}


@article{yang2020scmageck,
  author    = {Yang, Lin and Zhu, Yuqing and Yu, Hua and Cheng, Xiaolong and Chen, Sitong and Chu, Yulan and Huang, He and Zhang, Jin and Li, Wei},
  journal   = {Genome biology},
  pages     = {1--14},
  publisher = {Springer},
  title     = {scMAGeCK links genotypes with multiple phenotypes in single-cell CRISPR screens},
  volume    = {21},
  year      = {2020}
}


@article{yao2021survey,
  author    = {Yao, Liuyi and Chu, Zhixuan and Li, Sheng and Li, Yaliang and Gao, Jing and Zhang, Aidong},
  journal   = {ACM Transactions on Knowledge Discovery from Data (TKDD)},
  number    = {5},
  pages     = {1--46},
  publisher = {ACM New York, NY, USA},
  title     = {A survey on causal inference},
  volume    = {15},
  year      = {2021}
}


@article{yazdani2016generating,
  author    = {Yazdani, Azam and Yazdani, Akram and Samiei, Ahmad and Boerwinkle, Eric},
  journal   = {Journal of Biomedical Informatics},
  pages     = {114--119},
  publisher = {Elsevier},
  title     = {Generating a robust statistical causal structure over 13 cardiovascular disease risk factors using genomics data},
  volume    = {60},
  year      = {2016}
}


@misc{yazdani2020mendelianrandomizationcausalnetworks,
  archiveprefix = {arXiv},
  author        = {Azam Yazdani},
  eprint        = {2004.06958},
  primaryclass  = {stat.AP},
  title         = {Mendelian randomization and causal networks for systematic analysis of omics},
  url           = {https://arxiv.org/abs/2004.06958},
  year          = {2020}
}


@article{yin2022scgraph,
  author    = {Yin, Qijin and Liu, Qiao and Fu, Zhuoran and Zeng, Wanwen and Zhang, Boheng and Zhang, Xuegong and Jiang, Rui and Lv, Hairong},
  journal   = {Bioinformatics},
  number    = {11},
  pages     = {2996--3003},
  publisher = {Oxford University Press},
  title     = {scGraph: a graph neural network-based approach to automatically identify cell types},
  volume    = {38},
  year      = {2022}
}


@article{yuan2019deep,
  author    = {Yuan, Ye and Bar-Joseph, Ziv},
  journal   = {Proceedings of the National Academy of Sciences},
  number    = {52},
  pages     = {27151--27158},
  publisher = {National Acad Sciences},
  title     = {Deep learning for inferring gene relationships from single-cell expression data},
  volume    = {116},
  year      = {2019}
}

@article{yuan2019gcng,
  author    = {Yuan, Ye and Bar-Joseph, Ziv},
  journal   = {bioRxiv},
  pages     = {2019--12},
  publisher = {Cold Spring Harbor Laboratory},
  title     = {GCNG: Graph convolutional networks for inferring cell-cell interactions},
  year      = {2019}
}


@article{yuan2022scmra,
  author    = {Yuan, Musu and Chen, Liang and Deng, Minghua},
  journal   = {Bioinformatics},
  number    = {3},
  pages     = {738--745},
  publisher = {Oxford University Press},
  title     = {scMRA: a robust deep learning method to annotate scRNA-seq data with multiple reference datasets},
  volume    = {38},
  year      = {2022}
}


@article{zevcevic2021relating,
  author  = {Ze{\v{c}}evi{\'c}, Matej and Dhami, Devendra Singh and Veli{\v{c}}kovi{\'c}, Petar and Kersting, Kristian},
  journal = {arXiv preprint arXiv:2109.04173},
  title   = {Relating graph neural networks to structural causal models},
  year    = {2021}
}


@article{zhai2023causality,
  author    = {Zhai, Panyu and Yang, Yanwu and Zhang, Chunjie},
  journal   = {Information Processing \& Management},
  number    = {1},
  pages     = {103137},
  publisher = {Elsevier},
  title     = {Causality-based CTR prediction using graph neural networks},
  volume    = {60},
  year      = {2023}
}


@inproceedings{zhang2021treatment,
  author    = {Zhang, Weijia and Liu, Lin and Li, Jiuyong},
  booktitle = {Proceedings of the AAAI Conference on Artificial Intelligence},
  number    = {12},
  pages     = {10923--10930},
  title     = {Treatment effect estimation with disentangled latent factors},
  volume    = {35},
  year      = {2021}
}


@article{zhao2021propensity,
  author    = {Zhao, Qin-Yu and Luo, Jing-Chao and Su, Ying and Zhang, Yi-Jie and Tu, Guo-Wei and Luo, Zhe},
  journal   = {Annals of translational medicine},
  number    = {9},
  publisher = {AME Publications},
  title     = {Propensity score matching with R: conventional methods and new features},
  volume    = {9},
  year      = {2021}
}


@article{zhao2021scdrha,
  author    = {Zhao, Jianping and Wang, Na and Wang, Haiyun and Zheng, Chunhou and Su, Yansen},
  journal   = {Frontiers in genetics},
  pages     = {733906},
  publisher = {Frontiers Media SA},
  title     = {SCDRHA: a scRNA-Seq data dimensionality reduction algorithm based on hierarchical autoencoder},
  volume    = {12},
  year      = {2021}
}


@article{zhao2022hybrid,
  author    = {Zhao, Mengyuan and He, Wenying and Tang, Jijun and Zou, Quan and Guo, Fei},
  journal   = {Briefings in bioinformatics},
  number    = {2},
  pages     = {bbab568},
  publisher = {Oxford University Press},
  title     = {A hybrid deep learning framework for gene regulatory network inference from single-cell transcriptomic data},
  volume    = {23},
  year      = {2022}
}


@inproceedings{zhao2022learning,
  author       = {Zhao, Tong and Liu, Gang and Wang, Daheng and Yu, Wenhao and Jiang, Meng},
  booktitle    = {International Conference on Machine Learning},
  organization = {PMLR},
  pages        = {26911--26926},
  title        = {Learning from counterfactual links for link prediction},
  year         = {2022}
}


@article{zhao2022machine,
  author    = {Zhao, Yiqing and Yu, Yue and Wang, Hanyin and Li, Yikuan and Deng, Yu and Jiang, Guoqian and Luo, Yuan},
  journal   = {Drug Safety},
  number    = {5},
  pages     = {459--476},
  publisher = {Springer},
  title     = {Machine learning in causal inference: Application in pharmacovigilance},
  volume    = {45},
  year      = {2022}
}

@inproceedings{zhao2022space4hgnn,
  author    = {Zhao, Tianyu and Yang, Cheng and Li, Yibo and Gan, Quan and Wang, Zhenyi and Liang, Fengqi and Zhao, Huan and Shao, Yingxia and Wang, Xiao and Shi, Chuan},
  booktitle = {Proceedings of the 45th International ACM SIGIR Conference on Research and Development in Information Retrieval},
  pages     = {2776--2789},
  title     = {Space4hgnn: a novel, modularized and reproducible platform to evaluate heterogeneous graph neural network},
  year      = {2022}
}

@article{zheng2022accurate,
  author    = {Zheng, Lujing and Liu, Zhenhuan and Yang, Yang and Shen, Hong-Bin},
  journal   = {Bioinformatics},
  number    = {3},
  pages     = {746--753},
  publisher = {Oxford University Press},
  title     = {Accurate inference of gene regulatory interactions from spatial gene expression with deep contrastive learning},
  volume    = {38},
  year      = {2022}
}


@article{zhou2016relative,
  author    = {Zhou, Joseph Xu and Samal, Areejit and d’H{\'e}rou{\"e}l, Aymeric Fouquier and Price, Nathan D and Huang, Sui},
  journal   = {Biosystems},
  pages     = {15--24},
  publisher = {Elsevier},
  title     = {Relative stability of network states in Boolean network models of gene regulation in development},
  volume    = {142},
  year      = {2016}
}

@article{zinati2024groundgan,
  author      = {Zinati, Yazdan and Takiddeen, Abdulrahman and Emad, Amin},
  bdsk-file-1 = {YnBsaXN0MDDSAQIDBFxyZWxhdGl2ZVBhdGhYYm9va21hcmtfEG5HUm91TmRHQU4tIEdSTi1ndWlkZWQgc2ltdWxhdGlvbiBvZiBzaW5nbGUtY2VsbCBSTkEtc2VxIGRhdGEgdXNpbmcgY2F1c2FsIGdlbmVyYXRpdmUgYWR2ZXJzYXJpYWwgbmV0d29ya3MgLnBkZk8RBIBib29rgAQAAAAABBAwAAAAAAAAAAAAAAAAAAAAAAAAAAAAAAAAAAAAAAAAAAAAAAB8AwAABQAAAAEBAABVc2VycwAAAAYAAAABAQAAd2FrYWxhAAAHAAAAAQEAAERlc2t0b3AABgAAAAEBAABDYXVzYWwAAG4AAAABAQAAR1JvdU5kR0FOLSBHUk4tZ3VpZGVkIHNpbXVsYXRpb24gb2Ygc2luZ2xlLWNlbGwgUk5BLXNlcSBkYXRhIHVzaW5nIGNhdXNhbCBnZW5lcmF0aXZlIGFkdmVyc2FyaWFsIG5ldHdvcmtzIC5wZGYAABQAAAABBgAABAAAABQAAAAkAAAANAAAAEQAAAAIAAAABAMAAOtcAAAAAAAACAAAAAQDAAB1iBUAAAAAAAgAAAAEAwAAeogVAAAAAAAIAAAABAMAAIJrAgYAAAAACAAAAAQDAABHbQIGAAAAABQAAAABBgAA2AAAAOgAAAD4AAAACAEAABgBAAAIAAAAAAQAAEHGOMo2jFE5GAAAAAECAAABAAAAAAAAAA8AAAAAAAAAAAAAAAAAAAAIAAAABAMAAAMAAAAAAAAABAAAAAMDAAD1AQAACAAAAAEJAABmaWxlOi8vLwwAAAABAQAATWFjaW50b3NoIEhECAAAAAQDAAAAkIKW5wAAAAgAAAAABAAAQcYvyAaAAAAkAAAAAQEAADg3RUNGMEIzLTE1RUYtNEI4OS1CQjZBLUZBNkU5NDE2MTJGNBgAAAABAgAAgQAAAAEAAADvEwAAAQAAAAAAAAAAAAAAAQAAAAEBAAAvAAAAAAAAAAEFAAA9AQAAAQIAADJhN2VlMzM1ZDgwM2QyODc2YmYyOGRhNzE1NmJiZmRkMWIyOWNlN2UxMzVjZTRjYjBiZmZlNjNkMzY1NWY0YzE7MDA7MDAwMDAwMDA7MDAwMDAwMDA7MDAwMDAwMDA7MDAwMDAwMDAwMDAwMDAyMDtjb20uYXBwbGUuYXBwLXNhbmRib3gucmVhZC13cml0ZTswMTswMTAwMDAxMTswMDAwMDAwMDA2MDI2ZDQ3OzQwOy91c2Vycy93YWthbGEvZGVza3RvcC9jYXVzYWwvZ3JvdW5kZ2FuLSBncm4tZ3VpZGVkIHNpbXVsYXRpb24gb2Ygc2luZ2xlLWNlbGwgcm5hLXNlcSBkYXRhIHVzaW5nIGNhdXNhbCBnZW5lcmF0aXZlIGFkdmVyc2FyaWFsIG5ldHdvcmtzIC5wZGYAAAAAzAAAAP7///8BAAAAAAAAABAAAAAEEAAAvAAAAAAAAAAFEAAAKAEAAAAAAAAQEAAAVAEAAAAAAABAEAAARAEAAAAAAAACIAAAIAIAAAAAAAAFIAAAkAEAAAAAAAAQIAAAoAEAAAAAAAARIAAA1AEAAAAAAAASIAAAtAEAAAAAAAATIAAAxAEAAAAAAAAgIAAAAAIAAAAAAAAwIAAALAIAAAAAAAABwAAAdAEAAAAAAAARwAAAFAAAAAAAAAASwAAAhAEAAAAAAACA8AAANAIAAAAAAAAACAANABoAIwCUAAAAAAAAAgEAAAAAAAAABQAAAAAAAAAAAAAAAAAABRg=},
  journal     = {Nature Communications},
  number      = {1},
  pages       = {4055},
  publisher   = {Nature Publishing Group UK London},
  title       = {GRouNdGAN: GRN-guided simulation of single-cell RNA-seq data using causal generative adversarial networks},
  volume      = {15},
  year        = {2024}
}

@article{zuber2020selecting,
  author    = {Zuber, Verena and Colijn, Johanna Maria and Klaver, Caroline and Burgess, Stephen},
  journal   = {Nature communications},
  number    = {1},
  pages     = {29},
  publisher = {Nature Publishing Group UK London},
  title     = {Selecting likely causal risk factors from high-throughput experiments using multivariable Mendelian randomization},
  volume    = {11},
  year      = {2020}
}

@article{dibaeinia2025interpretable,
  title={Interpretable AI for inference of causal molecular relationships from omics data},
  author={Dibaeinia, Payam and Ojha, Abhishek and Sinha, Saurabh},
  journal={Science Advances},
  volume={11},
  number={7},
  pages={eadk0837},
  year={2025},
  publisher={American Association for the Advancement of Science}
}

@incollection{hernandez2020networks,
  title={Networks of transcription factors},
  author={Hern{\'a}ndez-Lemus, Enrique and Tovar, Hugo},
  booktitle={Genome Plasticity in Health and Disease},
  pages={137--155},
  year={2020},
  publisher={Elsevier}
}

@article{huang2024scgrn,
  title={scGRN: a comprehensive single-cell gene regulatory network platform of human and mouse},
  author={Huang, Xuemei and Song, Chao and Zhang, Guorui and Li, Ye and Zhao, Yu and Zhang, Qinyi and Zhang, Yuexin and Fan, Shifan and Zhao, Jun and Xie, Liyuan and others},
  journal={Nucleic Acids Research},
  volume={52},
  number={D1},
  pages={D293--D303},
  year={2024},
  publisher={Oxford University Press}
}

@article{jackson2020gene,
  title={Gene regulatory network reconstruction using single-cell RNA sequencing of barcoded genotypes in diverse environments},
  author={Jackson, Christopher A and Castro, Dayanne M and Saldi, Giuseppe-Antonio and Bonneau, Richard and Gresham, David},
  journal={elife},
  volume={9},
  pages={e51254},
  year={2020},
  publisher={eLife Sciences Publications, Ltd}
}


@article{dai2024gene,
  title={Gene regulatory network inference in the presence of dropouts: a causal view},
  author={Dai, Haoyue and Ng, Ignavier and Luo, Gongxu and Spirtes, Peter and Stojanov, Petar and Zhang, Kun},
  journal={arXiv preprint arXiv:2403.15500},
  year={2024}
}

@article{wang2024grace,
  title={GRACE: Unveiling Gene Regulatory Networks With Causal Mechanistic Graph Neural Networks in Single-Cell RNA-Sequencing Data},
  author={Wang, Jia-Cheng and Chen, Yao-Jia and Zou, Quan},
  journal={IEEE Transactions on Neural Networks and Learning Systems},
  pages = {1-13},
  volume={},
  number={},
  year={2024},
  publisher={IEEE}
}

@article{xu2025deep,
  title={Deep learning-based cell-specific gene regulatory networks inferred from single-cell multiome data},
  author={Xu, Junlin and Lu, Changcheng and Jin, Shuting and Meng, Yajie and Fu, Xiangzheng and Zeng, Xiangxiang and Nussinov, Ruth and Cheng, Feixiong},
  journal={Nucleic Acids Research},
  volume={53},
  number={5},
  pages={gkaf138},
  year={2025},
  publisher={Oxford University Press}
}