@article{ding2018reconstructing,
  author    = {Ding, Jun and Aronow, Bruce J and Kaminski, Naftali and Kitzmiller, Joseph and Whitsett, Jeffrey A and Bar-Joseph, Ziv},
  journal   = {Genome research},
  number    = {3},
  pages     = {383--395},
  publisher = {Cold Spring Harbor Lab},
  title     = {Reconstructing differentiation networks and their regulation from time series single-cell expression data},
  volume    = {28},
  year      = {2018}
}


@article{faith2007large,
  author    = {Faith, Jeremiah J and Hayete, Boris and Thaden, Joshua T and Mogno, Ilaria and Wierzbowski, Jamey and Cottarel, Guillaume and Kasif, Simon and Collins, James J and Gardner, Timothy S},
  journal   = {PLoS biology},
  number    = {1},
  pages     = {e8},
  publisher = {Public Library of Science San Francisco, USA},
  title     = {Large-scale mapping and validation of Escherichia coli transcriptional regulation from a compendium of expression profiles},
  volume    = {5},
  year      = {2007}
}


@article{fan2024scgraphformer,
  author    = {Fan, Xingyu and Liu, Jiacheng and Yang, Yaodong and Gu, Chunbin and Han, Yuqiang and Wu, Bian and Jiang, Yirong and Chen, Guangyong and Heng, Pheng-Ann},
  journal   = {Communications Biology},
  number    = {1},
  pages     = {1463},
  publisher = {Nature Publishing Group UK London},
  title     = {scGraphformer: unveiling cellular heterogeneity and interactions in scRNA-seq data using a scalable graph transformer network},
  volume    = {7},
  year      = {2024}
}


@article{feng2023gene,
  author    = {Feng, Ke and Jiang, Hongyang and Yin, Chaoyi and Sun, Huiyan},
  journal   = {Quantitative Biology},
  number    = {4},
  pages     = {434--450},
  publisher = {Wiley Online Library},
  title     = {Gene regulatory network inference based on causal discovery integrating with graph neural network},
  volume    = {11},
  year      = {2023}
}


@article{GRACE,
  author  = {Jiacheng, Wang and Yaojia, Chen and Quan, Zou},
  doi     = {10.1109/TNNLS.2024.3412753},
  journal = {IEEE Transactions on Neural Networks and Learning Systems},
  title   = {GRACE: Unveiling Gene Regulatory Networks With Causal Mechanistic Graph Neural Networks in Single-Cell RNA-Sequencing Data},
  year    = {2024}
}


@article{gulati2024profiling,
  author    = {Gulati, Gunsagar S and D’Silva, Jeremy Philip and Liu, Yunhe and Wang, Linghua and Newman, Aaron M},
  journal   = {Nature Reviews Molecular Cell Biology},
  pages     = {1--21},
  publisher = {Nature Publishing Group UK London},
  title     = {Profiling cell identity and tissue architecture with single-cell and spatial transcriptomics},
  year      = {2024}
}


@article{guo2023counterfactual,
  author  = {Guo, Zhimeng and Xiao, Teng and Wu, Zongyu and Aggarwal, Charu and Liu, Hui and Wang, Suhang},
  journal = {arXiv preprint arXiv:2304.01391},
  title   = {Counterfactual learning on graphs: A survey},
  year    = {2023}
}


@article{jereesh2024reconstruction,
  author    = {Jereesh, AS and Kumar, G Santhosh and others},
  journal   = {Applied Soft Computing},
  pages     = {111899},
  publisher = {Elsevier},
  title     = {Reconstruction of gene regulatory networks using graph neural networks},
  volume    = {163},
  year      = {2024}
}


@article{keyl2023single,
  author    = {Keyl, Philipp and Bischoff, Philip and Dernbach, Gabriel and Bockmayr, Michael and Fritz, Rebecca and Horst, David and Bl{\"u}thgen, Nils and Montavon, Gr{\'e}goire and M{\"u}ller, Klaus-Robert and Klauschen, Frederick},
  journal   = {Nucleic Acids Research},
  number    = {4},
  pages     = {e20--e20},
  publisher = {Oxford University Press},
  title     = {Single-cell gene regulatory network prediction by explainable AI},
  volume    = {51},
  year      = {2023}
}


@article{lahnemann2020eleven,
  author    = {L{\"a}hnemann, David and K{\"o}ster, Johannes and Szczurek, Ewa and McCarthy, Davis J and Hicks, Stephanie C and Robinson, Mark D and Vallejos, Catalina A and Campbell, Kieran R and Beerenwinkel, Niko and Mahfouz, Ahmed and others},
  journal   = {Genome biology},
  pages     = {1--35},
  publisher = {Springer},
  title     = {Eleven grand challenges in single-cell data science},
  volume    = {21},
  year      = {2020}
}

@article{lei2024deepgrncs,
  author    = {Lei, Yahui and Huang, Xiao-Tai and Guo, Xingli and Hang Katie Chan, Kei and Gao, Lin},
  journal   = {Briefings in Bioinformatics},
  number    = {4},
  pages     = {bbae334},
  publisher = {Oxford University Press},
  title     = {DeepGRNCS: deep learning-based framework for jointly inferring gene regulatory networks across cell subpopulations},
  volume    = {25},
  year      = {2024}
}


@article{ma2022learning,
  author  = {Ma, Jing and Li, Jundong},
  journal = {Ai Magazine},
  number  = {4},
  pages   = {365--375},
  title   = {Learning causality with graphs},
  volume  = {43},
  year    = {2022}
}


@article{mao2023gene,
  author    = {Mao, Guo and Pang, Zhengbin and Zuo, Ke and Liu, Jie},
  journal   = {Journal of Computational Biology},
  number    = {5},
  pages     = {619--631},
  publisher = {Mary Ann Liebert, Inc., publishers 140 Huguenot Street, 3rd Floor New~…},
  title     = {Gene regulatory network inference using convolutional neural networks from scRNA-seq data},
  volume    = {30},
  year      = {2023}
}



@article{mao2023predicting,
  author    = {Mao, Guo and Pang, Zhengbin and Zuo, Ke and Wang, Qinglin and Pei, Xiangdong and Chen, Xinhai and Liu, Jie},
  journal   = {Briefings in Bioinformatics},
  number    = {6},
  pages     = {bbad414},
  publisher = {Oxford University Press},
  title     = {Predicting gene regulatory links from single-cell RNA-seq data using graph neural networks},
  volume    = {24},
  year      = {2023}
}

@inproceedings{margolin2006aracne,
  author       = {Margolin, Adam A and Nemenman, Ilya and Basso, Katia and Wiggins, Chris and Stolovitzky, Gustavo and Favera, Riccardo Dalla and Califano, Andrea},
  booktitle    = {BMC bioinformatics},
  organization = {Springer},
  pages        = {1--15},
  title        = {ARACNE: an algorithm for the reconstruction of gene regulatory networks in a mammalian cellular context},
  volume       = {7},
  year         = {2006}
}

@article{mercatelli2020gene,
  author    = {Mercatelli, Daniele and Scalambra, Laura and Triboli, Luca and Ray, Forest and Giorgi, Federico M},
  journal   = {Biochimica et Biophysica Acta (BBA)-Gene Regulatory Mechanisms},
  number    = {6},
  pages     = {194430},
  publisher = {Elsevier},
  title     = {Gene regulatory network inference resources: A practical overview},
  volume    = {1863},
  year      = {2020}
}


@article{nguyen2021comprehensive,
  author    = {Nguyen, Hung and Tran, Duc and Tran, Bang and Pehlivan, Bahadir and Nguyen, Tin},
  journal   = {Briefings in bioinformatics},
  number    = {3},
  pages     = {bbaa190},
  publisher = {Oxford University Press},
  title     = {A comprehensive survey of regulatory network inference methods using single cell RNA sequencing data},
  volume    = {22},
  year      = {2021},
  % doi       = {https://doi.org/10.1093/bib/bbaa190},
}


@article{otal2024analysis,
  author  = {Otal, Hakan T and Subasi, Abdulhamit and Kurt, Furkan and Canbaz, M Abdullah and Uzun, Yasin},
  journal = {arXiv preprint arXiv:2409.13664},
  title   = {Analysis of Gene Regulatory Networks from Gene Expression Using Graph Neural Networks},
  year    = {2024}
}


@article{shaham2017stochastic,
  author  = {Shaham, Uri and Steinerberger, Stefan},
  journal = {arXiv preprint arXiv:1702.02670},
  title   = {Stochastic neighbor embedding separates well-separated clusters},
  year    = {2017}
}


@article{shojaee2023robust,
  author    = {Shojaee, Abbas and Huang, Shao-shan Carol},
  journal   = {Briefings in Bioinformatics},
  number    = {6},
  pages     = {bbad370},
  publisher = {Oxford University Press},
  title     = {Robust discovery of gene regulatory networks from single-cell gene expression data by Causal Inference Using Composition of Transactions},
  volume    = {24},
  year      = {2023}
}


@article{sucar2015probabilistic,
  author    = {Sucar, Luis Enrique},
  journal   = {Advances in Computer Vision and Pattern Recognition. London: Springer London. doi},
  number    = {978},
  pages     = {1},
  publisher = {Springer},
  title     = {Probabilistic graphical models},
  volume    = {10},
  year      = {2015}
}


@article{tang2023causality,
  author    = {Tang, Xinlu and Zhang, Chencheng and Guo, Rui and Yang, Xinling and Qian, Xiaohua},
  journal   = {IEEE Transactions on Medical Imaging},
  publisher = {IEEE},
  title     = {A Causality-Aware Graph Convolutional Network Framework for Rigidity Assessment in Parkinsonians},
  year      = {2023}
}


@article{tejada2023causal,
  author  = {Tejada-Lapuerta, Alejandro and Bertin, Paul and Bauer, Stefan and Aliee, Hananeh and Bengio, Yoshua and Theis, Fabian J},
  journal = {arXiv preprint arXiv:2310.14935},
  title   = {Causal machine learning for single-cell genomics},
  year    = {2023}
}


@article{trapnell2014dynamics,
  author    = {Trapnell, Cole and Cacchiarelli, Davide and Grimsby, Jonna and Pokharel, Prapti and Li, Shuqiang and Morse, Michael and Lennon, Niall J and Livak, Kenneth J and Mikkelsen, Tarjei S and Rinn, John L},
  journal   = {Nature biotechnology},
  number    = {4},
  pages     = {381--386},
  publisher = {Nature Publishing Group US New York},
  title     = {The dynamics and regulators of cell fate decisions are revealed by pseudotemporal ordering of single cells},
  volume    = {32},
  year      = {2014}
}


@article{wang2023dictys,
  author    = {Wang, Lingfei and Trasanidis, Nikolaos and Wu, Ting and Dong, Guanlan and Hu, Michael and Bauer, Daniel E and Pinello, Luca},
  journal   = {Nature Methods},
  number    = {9},
  pages     = {1368--1378},
  publisher = {Nature Publishing Group US New York},
  title     = {Dictys: dynamic gene regulatory network dissects developmental continuum with single-cell multiomics},
  volume    = {20},
  year      = {2023}
}


@inproceedings{yang2021causalvae,
  author    = {Yang, Mengyue and Liu, Furui and Chen, Zhitang and Shen, Xinwei and Hao, Jianye and Wang, Jun},
  booktitle = {Proceedings of the IEEE/CVF conference on computer vision and pattern recognition},
  pages     = {9593--9602},
  title     = {Causalvae: Disentangled representation learning via neural structural causal models},
  year      = {2021}
}

@article{zhao2021comprehensive,
  author    = {Zhao, Mengyuan and He, Wenying and Tang, Jijun and Zou, Quan and Guo, Fei},
  journal   = {Briefings in bioinformatics},
  number    = {5},
  pages     = {bbab009},
  publisher = {Oxford University Press},
  title     = {A comprehensive overview and critical evaluation of gene regulatory network inference technologies},
  volume    = {22},
  year      = {2021}
}


@article{zhou2020graph,
  author    = {Zhou, Jie and Cui, Ganqu and Hu, Shengding and Zhang, Zhengyan and Yang, Cheng and Liu, Zhiyuan and Wang, Lifeng and Li, Changcheng and Sun, Maosong},
  journal   = {AI open},
  pages     = {57--81},
  publisher = {Elsevier},
  title     = {Graph neural networks: A review of methods and applications},
  volume    = {1},
  year      = {2020}
}

@article{yuan2024inferring,
  title={Inferring gene regulatory networks from single-cell multiome data using atlas-scale external data},
  author={Yuan, Qiuyue and Duren, Zhana},
  journal={Nature Biotechnology},
  pages={1--11},
  year={2024},
  publisher={Nature Publishing Group US New York}
}
